2476 3912
10 360 13 378 ,
271 303 438 356 Gesta
477 319 520 354 c.
562 298 719 365 XIV,
765 300 812 352 1.

10 391 13 450 ἶ
47 402 51 406 ’
85 392 248 448 Turci
263 387 534 446 audientes
549 391 680 444 dom.
700 387 1076 443 Boamnndnm

10 461 62 540 't
79 482 461 539 Flandrensem
481 480 713 533 comitem
731 479 791 530 in
814 476 1077 531 obsidione

12 561 13 569 ¹
60 598 71 623 ι
153 589 272 635 esse,
335 567 587 621 exierunt
640 565 708 618 de
754 564 973 619 civitate
1023 567 1078 616 et

12 925 15 931 ’
91 926 269 993 Episo.
318 921 604 975 Podiensis
643 920 702 973 in
748 918 843 972 illa
889 934 1078 971 amara

13 1014 107 1070 die
161 1011 398 1085 perdidit
453 1028 620 1064 suum
684 1007 1075 1071 senescalcum,

14 1168 16 1178 Ι
63 1100 418 1156 'nducentem
472 1105 526 1153 et
577 1102 859 1169 regentem
911 1113 1079 1149 suum

14 1189 18 1268 ζ
46 1183 93 1245 ἶ
115 1193 274 1246 illam.

16 1338 17 1341 a
62 1273 66 1277 ’
378 1295 422 1332 0.
463 1277 620 1342 XVI,
666 1278 711 1329 1.

16 1392 19 1398 ¹
54 1368 319 1424 Faciam
357 1372 411 1420 et
449 1384 620 1437 equos
661 1363 967 1418 conducere
1008 1361 1079 1416 ad

26 1455 379 1514 vendendum
419 1460 474 1509 et
510 1460 799 1509 mereatum
837 1469 934 1523 per
980 1456 1079 1504 ter-

22 1539 139 1603 vam
176 1545 236 1600 in
273 1544 536 1598 fidelitate
579 1540 923 1613 imperatoris
969 1539 1082 1593 huc

16 1645 44 1686 ἰ
68 1635 278 1691 venire
289 1676 562 1700 ......
599 1631 784 1685 adhuc
860 1646 1083 1700 quoque

18 2135 23 2187 ι
97 2170 236 2223 Pars
270 2169 514 2236 peditum
560 2170 845 2220 remaneat
889 2163 1090 2235 iugiter

18 2222 290 2313 ¹custodire
306 2257 609 2324 papiliones
636 2260 690 2308 et
715 2253 897 2325 quibit
922 2253 1091 2306 nimis

22 2345 282 2408 ,obsistere
319 2344 407 2398 his
446 2344 543 2415 qui
582 2344 642 2397 in
679 2343 899 2398 civitate
938 2347 1087 2407 sunt,

21 2415 137 2494 lalia
172 2452 299 2488 vero
329 2452 467 2502 pars
515 2435 745 2487 militum
796 2431 1091 2485 nobiscum

33 2522 212 2579 veniat
249 2524 451 2578 obviam
490 2523 723 2575 inimicis
747 2523 957 2576 nostris.

26 2600 27 2606 ¹
376 2629 419 2667 c.
461 2611 644 2676 XVH,
689 2612 737 2664 8.

23 2743 27 2747 .
105 2699 191 2754 Illi
216 2700 313 2770 qui
349 2704 730 2753 remanserant
771 2701 827 2752 in
855 2700 1092 2753 tentoriis

40 2792 141 2842 tota
179 2790 262 2842 die
279 2790 530 2856 proeliati
555 2794 680 2842 sant
707 2806 837 2841 cum
862 2787 969 2841 illis
995 2787 1092 2857 qui

37 2881 186 2929 erant
222 2876 282 2929 in
321 2876 539 2931 civitate
578 2881 706 2929 ante
753 2881 861 2930 tres
905 2881 1091 2947 portas

33 2962 275 3020 sivitatis.

30 3124 32 3131 Ι
367 3073 410 3108 c.
453 3054 664 3120 XVIII,
703 3057 748 3108 1.

30 3134 33 3174 ἕ
62 3167 67 3184 ‚
106 3141 328 3198 Reversi
365 3149 497 3197 sunt
542 3144 716 3197 nostri
769 3150 970 3213 ayente‘
1001 3146 1092 3198 deo

27 3230 411 3298 triumphantes
449 3237 503 3285 et
546 3231 850 3303 gaudentes
890 3232 958 3285 de
997 3235 1092 3286 tri-

115 3321 233 3386 pho,
263 3339 429 3390 quem
455 3321 514 3374 in
543 3323 626 3375 die
657 3323 745 3376 illo
777 3324 1087 3387 habuerant,

19 3393 245 3499 :devietis
282 3411 530 3464 inimicis.

666 150 695 206 ἓ
727 156 766 194 6.
830 152 918 194 Die
950 152 1228 206 Benutzung
1258 152 1343 195 der
1374 153 1565 198 Gesten.
2161 160 2214 201 51

1254 298 1434 353 Raim.
1463 319 1515 371 p.
1551 302 1670 367 144,
1706 304 1794 367 14;
1835 303 1901 357 R.
1933 305 2039 358 243
2059 304 2122 358 Ε.

1230 387 1455 442 Electus
1513 391 1596 443 e'st
1632 392 1817 445 Boam.
1885 399 1933 446 et
1980 394 2217 448 Flandr.

1158 496 1321 531 eomes
1345 483 1409 532 ut
1435 478 1736 531 exercitum
1774 486 1994 551 propter
2017 482 2221 537 victua-

1158 567 1233 620 lia
1281 567 1342 620 in
1395 567 1748 639 Hyspaniam
1804 570 2068 625 ducerent
2121 615 2132 626 .
2164 616 2174 625 .
2208 613 2219 625 .

1015 651 1024 661 ’
1061 681 1076 688 -
1158 655 1315 709 Haec
1353 661 1542 710 autem
1582 674 1710 710 cum
1748 659 1915 712 hostes
1954 662 2223 727 comperis-

1158 752 1285 811 sent,
1327 745 1514 799 solitos
1551 746 1801 818 incepere
1840 747 2097 802 assultus.

1355 854 1408 906 p.
1443 836 1562 900 144,
1593 838 1688 900 34;
1731 835 1795 889 R.
1824 838 1933 890 244
1952 837 2018 890 Α.

1234 924 1563 978 Interfectus
1596 930 1678 978 est
1702 924 1781 979 ibi
1811 927 2072 994 vexillifer
2098 928 2226 994 epis-

1162 1016 1276 1082 copi
1314 1019 1367 1067 et
1406 1019 1632 1085 captum
1680 1020 1762 1068 est
1805 1016 2052 1070 vexillum
2091 1015 2224 1071 eius.

1378 1294 1429 1347 p.
1465 1278 1584 1342 146,
1616 1277 1674 1341 5;
1716 1275 1782 1328 R.
1826 1277 1932 1329 246
1957 1275 2023 1328 D.

1238 1365 1445 1419 Taliter
1482 1365 1653 1435 igitur
1697 1370 1959 1419 mercatus
2012 1363 2118 1417 sibi
2179 1369 2233 1418 ct

1165 1455 1279 1510 suis
1301 1461 1621 1523 perpetuam
1649 1456 1926 1522 pudorem,
1972 1453 2231 1508 simulato

1163 1545 1357 1599 itinere
1396 1544 1556 1615 quasi
1594 1543 1667 1597 ad
1716 1544 2019 1598 exercitum
2071 1545 2233 1611 impe-

1165 1636 1379 1701 ratoris,
1409 1635 1646 1688 dimissis
1684 1635 1923 1688 tentoriis
1955 1638 2010 1686 et
2031 1635 2233 1701 famili-

1166 1726 1352 1779 aribus
1392 1723 1522 1789 51115,
1571 1740 1701 1776 cum
1728 1723 1837 1777 Dei
1873 1723 2234 1776 maledictione

948 1808 958 1818 ’
1068 1843 1107 1873 ,·
1159 1815 1432 1882 profectus
1471 1818 1561 1867 est.

1380 2099 1431 2151 p.
1466 2082 1585 2146 146,
1629 2081 1685 2145 8;
1728 2080 1793 2133 R.
1825 2081 1931 2132 246
1959 2078 2021 2131 Ε.

1246 2168 1578 2223 Consultum
1615 2172 1696 2222 est
1726 2172 1790 2220 ut
1815 2169 2024 2235 pedites
2065 2172 2239 2220 castra

1172 2265 1444 2314 servarent
1469 2263 1524 2311 et
1548 2259 1739 2312 milites
1771 2257 2002 2311 hostibus
2036 2257 2240 2310 obviam

1174 2354 1324 2403 extra
1364 2354 1540 2402 eastra
1567 2352 1864 2416 peryerent.

1360 2635 1413 2687 p.
1459 2615 1578 2681 146,
1623 2615 1716 2678 35;
1759 2614 1824 2666 R.
1869 2613 1973 2666 247
1997 2612 2061 2665 Ε.

1250 2708 1451 2760 Eodem
1477 2706 1664 2775 itaque
1697 2705 1781 2757 die
1807 2709 1957 2756 tanta
1973 2720 2160 2770 paona
2187 2702 2246 2753 in

1179 2798 1367 2851 castris
1421 2797 1544 2864 fnit,
1603 2799 1667 2847 ut
1711 2793 1790 2846 ibi
1846 2791 2035 2844 nullus
2092 2790 2245 2842 locus

1177 2885 1341 2939 fuerit
1366 2902 1556 2939 versus
1588 2882 1882 2946 civitatem,
1912 2879 2011 2933 ubi
2036 2878 2244 2932 bellum

1179 2993 1294 3028 non
1346 2978 1502 3027 esset.
1598 2971 2037 3041 Composuerant
2097 2967 2248 3019 enim

1175 3064 1362 3117 hostes
1401 3068 1479 3128 ut,
1530 3061 1666 3114 dum
1712 3060 1784 3113 ab
1825 3057 2059 3112 obsessis
2107 3073 2247 3108 acer-

1175 3153 1312 3206 rime
1331 3153 1802 3222 impugnaremur,
1838 3148 1907 3201 ab
1934 3144 2244 3216 improvisis

1176 3240 1597 3295 auxiliatoribus
1644 3256 1835 3292 eorum
1886 3254 1919 3288 a
1965 3241 2115 3303 tergo
2156 3251 2243 3303 op·

1175 3331 1551 3402 primeremur,
1594 3327 1686 3381 sed
1729 3327 1892 3389 DenS,
1935 3325 2027 3391 qni
2064 3323 2246 3374 militi-

1174 3421 1268 3473 bus
1295 3421 1489 3472 nostris
1519 3418 1791 3470 victoriam
1823 3410 2154 3475 conferebat,
2188 3409 2248 3461 in

1174 3507 1453 3579 peditibus
1481 3505 1680 3558 nostris
1712 3501 2096 3573 proeliabatur,
2147 3516 2250 3551 nec

1178 3597 1449 3649 minorem
1488 3594 1811 3660 suscepimus
1851 3609 1904 3643 eo
1938 3591 2022 3642 die
2050 3588 2117 3640 de
2157 3587 2247 3640 ob-

1179 3684 1340 3738 sessis
1380 3684 1720 3751 triumphum,
1762 3697 1930 3749 quam
1975 3677 2042 3730 de
2077 3677 2249 3730 fauto-

2027 3787 2071 3820 4.
