2476 3912
2179 137 2265 179 VII

856 820 1453 900 INHALT.

2159 1042 2264 1077 Seite

48 1099 278 1151 Vorwort
331 1135 2062 1148 ..............................
2222 1105 2262 1145 V

47 1158 547 1235 &haltsverzeichnis
624 1210 2057 1222 .........................
2177 1179 2264 1220 VII

46 1242 334 1314 maleitung
388 1285 2062 1297 .............................
2121 1256 2263 1296 1-98

37 1320 71 1387 (j
161 1326 190 1382 ἓ
224 1330 262 1371 1.
295 1328 390 1371 Der
431 1326 680 1371 Verfasser
711 1327 796 1370 der
828 1327 975 1371 Gesta
1008 1327 1295 1371 Francorum
1337 1360 2060 1371 .............
2241 1331 2259 1370 1

64 1366 75 1470 ὲ
161 1401 190 1457 ξ
222 1406 261 1445 2.
294 1403 467 1459 Inhalt,
499 1402 680 1456 Anlage
711 1402 810 1444 und
845 1402 1233 1457 Absassungszeit
1279 1434 2061 1445 ..............
2210 1405 2262 1444 10

63 1467 76 1541 ξ
161 1475 189 1532 ξ
221 1480 261 1520 3.
295 1477 389 1520 Der
420 1477 726 1532 Standpunkt
757 1478 841 1521 des
878 1477 1151 1521 Verfassers
1183 1477 1280 1520 und
1314 1477 1445 1521 seine
1475 1477 1525 1519 in
1558 1478 1651 1520 den
1677 1477 1856 1520 Gesten
1888 1476 2065 1519 nieder-

351 1552 532 1607 gelegte
563 1553 885 1606 Anschauung
917 1583 2060 1595 ....................
2206 1554 2261 1593 20

34 1664 36 1666 ,
67 1677 71 1686 γ
158 1624 187 1680 ἓ
219 1629 259 1670 4.
292 1625 379 1670 Die
411 1627 750 1671 Schreibweise
783 1627 868 1671 des
900 1628 1181 1683 Anonymus
1219 1659 2060 1670 ...............
2206 1628 2261 1668 33

34 1705 38 1753 5
74 1694 77 1740 ζ
159 1698 187 1755 ἓ
220 1704 259 1744 5.
293 1701 381 1745 Die
412 1701 609 1753 Quellen
642 1703 741 1745 und
772 1702 850 1746 die
880 1702 1280 1756 Zuverlassigkeit
1311 1702 1394 1745 der
1427 1701 1570 1745 Gesta
1634 1733 2059 1744 ........
2206 1703 2260 1743 39

35 1789 37 1796 ·
159 1774 188 1831 ξ
220 1780 259 1819 6.
294 1777 380 1820 Die
412 1778 691 1831 Benutzung
721 1777 805 1820 der
843 1777 990 1820 Gesta
1020 1790 1114 1821 von
1147 1776 1298 1821 seiten
1329 1775 1675 1831 gleichzeitiger
1714 1776 1812 1819 und
1852 1779 2065 1831 spaterer

351 1852 687 1896 Schriftsteller
739 1883 2059 1896 .......................
2204 1853 2259 1892 48

31 1941 37 1982 {-
76 1946 82 1982 j
160 1924 188 1980 ξ
222 1927 265 1969 7.’
293 1926 381 1970 Die
413 1926 610 1970 Codices
642 1927 726 1969 der
759 1927 905 1971 Gesta
974 1959 2056 1970 ...................
2205 1929 2258 1967 92

30 1990 38 2063 ξ
72 1999 81 2035 ’ἱ
158 1998 187 2054 ἓ
219 2002 258 2043 8.
292 2001 378 2043 Die
410 2001 812 2056 Druckausgaben
856 2033 2055 2045 .....................
2205 2003 2259 2042 96

34 2129 40 2136 .
70 2078 281 2151 ,ποειγιιιί
312 2086 463 2134 Gesta
494 2075 816 2136 Francorum*
833 2089 884 2135 et
914 2089 1133 2135 aliorum
1163 2089 1734 2146 Hierosolymitanorum
1809 2124 1820 2134 .
1869 2125 1879 2134 .
1929 2124 1938 2134 .
1987 2125 1996 2134 .
2054 2088 2259 2133 99—502

189 2165 223 2207 Ι.
398 2165 621 2209 Urbanus
653 2167 785 2220 Papa
815 2167 864 2209 in
897 2166 1076 2210 Gallias
1108 2167 1433 2222 proficiscitur,
1474 2166 1555 2208 ubi
1588 2179 1772 2210 crucem
1816 2165 2060 2220 praedicat
2175 2167 2254 2206 101

60 2252 109 2299 ff>
186 2239 246 2282 Il.
394 2241 464 2284 De
497 2240 789 2295 profectione
822 2244 870 2285 et
901 2242 1034 2285 clade
1066 2242 1301 2285 exercitus
1333 2241 1459 2284 Petri
1491 2241 1751 2284 heremitae
1808 2272 2055 2283 .....
2174 2241 2257 2281 106

71 2327 112 2360 .=»
187 2314 271 2357 ΠΙ.
396 2315 691 2359 Raimundus
745 2317 807 2359 de
847 2317 889 2359 S.
921 2316 1089 2371 Egidio
1131 2317 1181 2359 in
1224 2315 1485 2359 Sclaviniae
1529 2318 1689 2369 partes
1728 2315 1885 2358 intrat.
1949 2316 2061 2358 Boa-

70 2377 75 2386 ’
139 2392 141 2395 ’
453 2391 673 2445 mundus,
707 2391 940 2434 Robertus
963 2391 1282 2447 Flandrensis,
1316 2390 1551 2434 Robertus
1574 2391 1890 2445 Normannus,
1925 2389 2062 2443 Hugo

451 2465 668 2522 Magnus,
691 2465 768 2508 alii
795 2479 878 2520 per
900 2466 1142 2520 antiquam
1167 2467 1344 2509 Romae
1366 2466 1492 2510 viam
1510 2465 1883 2520 proficiscuntur.
1923 2464 2060 2517 Hugo

455 2538 654 2594 Magnus
671 2540 916 2595 Dyrrachii
934 2541 1129 2595 capitur.
1162 2542 1271 2584 Dux
1294 2540 1580 2584 Godefridus
1599 2539 2060 2593 Constantinopolim

451 2614 582 2658 venit
621 2617 669 2657 et
715 2627 820 2657 cum
850 2614 1012 2669 iniquo
1043 2616 1210 2659 Alexio
1243 2616 1528 2670 imperatore
1560 2616 1827 2670 pactionem
1860 2614 1950 2657 init
1986 2647 1996 2655 .
2045 2646 2056 2656 .
2177 2615 2257 2655 130

189 2687 271 2731 IV.
393 2690 699 2733 Boamundus
722 2702 905 2733 crucem
938 2691 1066 2745 capit
1097 2675 1146 2734 et
1165 2704 1271 2734 cum
1305 2690 1402 2735 suis
1434 2703 1583 2746 usque
1606 2691 1664 2733 ad
1691 2691 1951 2733 Bardarum
1984 2689 2062 2731 fiu-

412 2818 416 2820 -
452 2776 563 2806 men
593 2764 840 2818 Bulgariae
872 2766 1115 2820 profectus
1148 2769 1233 2821 est,
1268 2766 1350 2808 ubi
1381 2764 1674 2820 Turcopulos
1706 2769 1754 2808 et
1775 2766 2060 2808 Pincenatos

451 2842 645 2893 superat
676 2871 2053 2884 ........................
2173 2840 2252 2881 147

45 2941 48 2948 ,
188 2909 243 2953 V.
392 2912 701 2957 Boamundus
734 2927 762 2956 a
803 2915 1012 2957 Bardaro
1060 2914 1254 2958 flumine
1286 2915 1583 2970 progreditur
1623 2918 1683 2969 et,
1725 2914 1935 2972 exercitu
1973 2926 2058 2957 suo

24 3034 50 3046 ¹
449 2987 577 3040 apud
610 2988 786 3031 Rusam
819 2988 996 3045 relicto,
1031 2988 1494 3044 Constantinopolim
1526 2989 1745 3044 pervenit
1807 3019 2052 3030 .....
2172 2988 2252 3028 163

42 3111 44 3114 ⁴
78 3059 109 3096 ἰ»
193 3057 269 3102 VI.
398 3060 642 3115 Principes
675 3063 960 3106 Francorum
990 3063 1160 3106 Alexio
1192 3066 1539 3107 sacramentum
1572 3064 1736 3106 dicunt
1807 3093 2052 3104 .....
2170 3063 2252 3102 168

41 3142 108 3194 μέ»
185 3132 288 3176 VII.
387 3133 554 3178 Franci
586 3149 734 3190 usque
766 3137 1091 3180 Nicomediam
1122 3141 1170 3181 et
1200 3138 1373 3181 deinde
1404 3139 1597 3181 Niceam
1630 3140 1832 3192 pergunt
1920 3168 1930 3178 .
1980 3169 1988 3178 .
2039 3168 2047 3177 .
2168 3136 2250 3177 175

47 3196 109 3248 .”’·>>
187 3205 317 3249 VIII.
394 3207 465 3250 De
495 3208 744 3253 obsidione
776 3213 824 3253 et
855 3212 1208 3266 expugnatione
1240 3213 1412 3255 Niceae
1444 3212 1575 3254 urbis
1629 3242 2051 3254 ........
2171 3210 2251 3251 179

46 3288 108 3318 ἰ»
185 3279 270 3324 ΙΧ.
391 3282 558 3325 Franci
587 3283 638 3326 in
669 3285 900 3328 Romania
925 3298 953 3328 a
985 3285 1146 3329 Turcis
1179 3285 1487 3330 clarissimam
1519 3285 1762 3329 victoriam
1795 3286 2050 3338 reportant.
2168 3284 2251 3324 194

52 3348 105 3385 Ἢ»
186 3353 245 3396 Χ.
397 3356 576 3411 Franci,
623 3358 860 3402 Solimano
903 3359 1127 3416 fugiente,
1173 3373 1322 3414 usque
1365 3361 1426 3403 ad
1466 3360 1716 3422 Erachiam
1757 3358 2052 3413 perveniunt.

449 3427 719 3475 Tancredus
751 3436 798 3475 et
831 3433 1104 3489 Balduinus‚
1137 3434 1278 3478 divisi
1310 3433 1370 3476 ab
1403 3433 1519 3488 aliis,
1553 3434 1749 3475 Tarsum
1783 3432 1976 3486 capiunt
2006 3434 2054 3474 et

9 3550 11 3559 .
448 3504 572 3547 inter
603 3518 654 3548 se
684 3506 872 3560 litigant
913 3537 2048 3551 ....................
2165 3507 2250 3546 208

67 3583 115 3626 μὴ
174 3575 258 3617 ΧΙ.
378 3577 532 3620 Maior
576 3579 810 3623 exercitus
852 3580 1137 3624 Francorum
1193 3595 1278 3635 per
1310 3581 1661 3635 Cappadociam
1702 3583 1750 3622 et
1784 3579 2051 3622 Armeniam

448 3664 598 3704 usque
629 3652 687 3694 ad
722 3652 999 3697 Antiochiae
1031 3655 1200 3699 vallem
1234 3654 1546 3708 proficiscitur
1621 3685 2046 3696 ........
2162 3658 2248 3697 226
