2496 3926
601 111 840 167 Anonymi
871 111 1018 154 Gesta
1049 111 1333 153 Francorum
1363 109 1522 163 XXII,
1555 111 1595 151 6.
1631 110 1670 151 7.
1704 110 1743 150 8.
2192 104 2275 146 327

8 241 10 272 ἶ
75 265 195 319 bello
247 281 351 316 non
394 262 636 315 morieris
673 260 835 323 moda
874 260 966 313 sed
1004 263 1199 312 tamen⁸
1244 258 1305 310 in
1340 258 1433 310 hoc
1471 274 1608 309 anno
1619 252 1680 320 2⁸,
1721 255 1968 323 quoniam
1990 255 2103 320 ipse
2130 251 2280 305 Deus
2317 251 2459 304 1098

73 371 177 407 non
213 353 390 420 statim
427 335 652 403 iudicatb
691 349 1029 414 offendentem
1062 365 1124 400 se
1150 352 1328 400 exerta
1365 347 1453 397 ira
1464 342 1525 409 2⁹,
1563 345 1655 397 sed
1694 345 1925 411 quando⁰
1966 344 2090 407 vult,
2120 341 2285 408 punit

74 439 211 496 cum⁶
237 441 518 506 manifesta
545 439 777 491 vindicta
786 459 801 503 ,·
839 438 1052 504 ideoque
1090 437 1256 501 timeo,
1298 439 1384 488 ne⁹
1421 431 1488 487 te*
1523 434 1719 486 iudicet
1747 433 1963 499 poenali
1987 426 2281 485 tristitia30.

74 530 196 584 Non
222 529 477 592 morieris
505 529 737 594 inquam,
766 527 931 588 modo,
960 530 1315 578 verumtamen
1326 523 1646 590 perditurus
1673 539 1724 574 es
1750 522 1810 573 in
1824 521 2283 587 praesentiarumg

59 614 322 672 habita-⁹²1.

115 704 177 776 [7]
231 702 558 758 Gurbaramh
620 703 859 772 denique
919 701 1080 756 valde
1141 701 1333 755 dolens
1397 699 1610 754 intimis
1670 696 2016 763 visceribus³,
2080 696 2283 750 auditis

0 862 1 869 ἵ
72 794 334 847 maternis
356 791 747 856 sermonibus“‚
778 791 1062 862 respondit
1073 789 1139 844 3²²:
1170 792 1353 844 Mater
1381 790 1676 851 carissima,
1705 805 1893 855 quaeso
1921 792 1981 851 te,
2010 787 2128 853 quis
2149 786 2286 838 dixit

0 921 2 942 ,
73 884 167 937 tibi
208 880 327 936 ista-¹
375 884 438 935 de
486 888 632 951 yente
677 880 998 945 Christiana,
1055 881 1192 948 quod
1229 879 1380 932 Deus
1421 864 1604 931 ¹eorum
1654 882 1859 930 tantum
1906 894 1988 929 603
2034 879 2198 928 ametm
2239 879 2286 927 et

0 959 2 990 ³
73 974 209 1042 quod
231 973 343 1038 ipse
359 971 643 1038 puynandi
661 972 928 1023 virtutem“
954 971 1014 1022 in
1033 987 1086 1022 se
1105 969 1314 1022 retineb⁰
1342 969 1646 1030 maximam,
1670 971 1717 1019 et
1735 966 1873 1033 quod
1889 965 1973 1017 illi
1993 963 2287 1018 Christiani

0 1073 1 1135 J
72 1063 275 1114 vincent
299 1078 392 1113 nos
417 1062 477 1112 in
503 1060 821 1113 Antiocheno
839 1059 1065 1126 proelio⁹
1094 1063 1141 1111 et
1179 1058 1316 1125 quod
1351 1058 1459 1123 ipsi
1485 1055 1696 1122 capturi
1733 1060 1857 1107 sunt
1881 1058 2064 1107 nostra
2101 1052 2284 1118 spolia,

30 1176 34 1179 ·
72 1168 261 1218 nosque
289 1149 625 1216 persecuturi
655 1166 847 1216 mayna
873 1147 1107 1211 victoria,
1148 1152 1196 1199 et
1234 1147 1371 1214 quod
1407 1146 1467 1198 in
1503 1146 1595 1198 hoc
1634 1162 1772 1197 anno
1810 1143 2102 1196 moriturus
2139 1144 2284 1194 sum‘³

72 1244 233 1292 morte
249 1239 562 1291 subitanea?
594 1235 656 1306 [8]
680 1236 840 1289 Tune
854 1234 1139 1306 respondit
1159 1235 1208 1288 ei
1227 1220 1404 1287 mater
1429 1238 1550 1287 6116Γ
1577 1232 1813 1286 dolens⁸2
1836 1232 1953 1285 Fili
1972 1230 2242 1285 carissime
2258 1227 2285 1292 ¹,

73 1345 179 1403 ecce
203 1333 327 1380 sunt
350 1328 479 1394 plus
517 1345 673 1394 quam
713 1331 915 1379 centum
954 1343 1215 1379 annorum
1254 1321 1559 1393 tempora33,
1601 1324 1663 1376 de
1694 1323 1881 1390 quibus
1906 1322 2174 1374 inventum
2215 1322 2288 1371 est

205 1450 219 1467 ⁸
245 1446 394 1478 tantum
418 1443 542 1477 ADE.
566 1461 610 1466 —
627 1442 640 1465 b
658 1443 835 1477 vindicat
858 1443 900 1477 G.
926 1460 963 1466 —
991 1448 1004 1465 0
1030 1443 1096 1477 sed
1120 1445 1248 1477 eoeerta
1271 1442 1336 1475 ira
1361 1450 1472 1484 quem
1497 1440 1662 1473 ADER.
1687 1457 1730 1462 —
1754 1438 1768 1461 d
1793 1448 1879 1473 eum
1902 1438 1950 1471 H.
1979 1456 2015 1460 -
2044 1443 2056 1458 θ
2081 1444 2148 1470 nec
2172 1435 2220 1470 H.
2244 1452 2288 1456 -

77 1496 86 1518 f
110 1498 190 1531 tene
214 1497 296 1529 ER.
325 1513 368 1519 —
395 1502 410 1524 Β
422 1496 593 1537 presenti
608 1496 651 1529 B.
670 1514 713 1518 —
731 1496 743 1516 ὴ
769 1495 965 1529 curbaran
989 1495 1071 1528 CH.
1091 1513 1128 1518 —
1147 1494 1152 1516 ὅ
1169 1494 1392 1529 vinceribus
1408 1494 1458 1527 H.
1481 1512 1517 1516 —
1537 1492 1550 1514 ⁸<
1569 1492 1809 1527 sermonibus
1833 1490 2020 1524 maternis
2034 1489 2081 1522 H.
2098 1506 2142 1511 —
2166 1488 2170 1509 ¹
2189 1487 2288 1521 talia

46 1577 48 1582 ,
77 1548 318 1582 ACDEHR.
335 1565 377 1570 —
395 1554 414 1569 m
434 1550 531 1581 amet
548 1557 610 1582 eos
626 1547 751 1580 ACH.
776 1565 819 1570 —
845 1554 857 1569 ⁰
882 1548 1062 1582 virtutem
1081 1547 1296 1589 pugnandi
1320 1546 1364 1580 A.
1384 1564 1427 1569 —
1445 1552 1458 1567 ⁰
1483 1545 1646 1579 retineat
1670 1544 1797 1577 ACH.
1820 1562 1856 1568 -
1876 1550 1889 1571 Ρ
1909 1542 2139 1576 antiochena
2158 1540 2288 1583 prelia

73 1601 114 1634 B.
141 1618 184 1624 —
208 1607 222 1629 ‘³
248 1600 459 1634 moriturus
484 1609 569 1633 sum
595 1609 697 1634 anno
721 1601 767 1633 A.
793 1617 836 1622 —
861 1606 871 1621 f
896 1599 980 1634 Om.
1009 1608 1084 1633 sua
1107 1599 1149 1633 G.
1173 1617 1216 1622 -
1241 1606 1252 1621 ⁵
1277 1599 1408 1633 dolens
1433 1598 1469 1633 ei
1492 1599 1542 1631 H.
1570 1615 1613 1621 —-
1636 1598 1646 1619 ἲ
1673 1596 1878 1630 karissime
1894 1595 2020 1628 BHG.
2044 1612 2088 1617 —

219 1747 277 1796 28
308 1749 532 1793 Offenbar
573 1750 732 1792 haben
775 1749 905 1793 diese
936 1749 1069 1793 WW.
1114 1749 1207 1792 den
1241 1749 1394 1791 Baldr.
1427 1746 1685 1802 veranlasst,
1726 1745 1803 1788 die
1833 1744 2012 1787 Mutter
2044 1743 2288 1796 Kerbogas

73 1816 177 1859 eine
211 1817 507 1859 «centenaria
540 1820 587 1859 et
628 1829 857 1871 praesaga
894 1817 1184 1859 futurorum»
1229 1830 1286 1859 zu
1327 1828 1533 1869 nennen,
1578 1828 1614 1858 6.
1647 1813 1761 1857 Abs.
1797 1816 1835 1867 1,
1879 1813 2017 1854 Anm.
2053 1814 2092 1853 1.
2152 1809 2289 1852 Ohne

45 1885 257 1928 -Zweifel
289 1885 352 1928 ist
383 1884 601 1939 Kerboga
630 1884 695 1927 im
729 1885 875 1927 Lause
902 1884 1039 1938 jenes
1070 1884 1241 1927 Jahres
1271 1882 1537 1937 gestorben,
1576 1894 1673 1925 was
1712 1881 1821 1924 dem
1852 1880 2004 1922 Anon.
2039 1891 2097 1920 zu
2129 1876 2287 1920 Ohren

70 1953 349 2007 gekommen
381 1951 483 1995 sein
514 1951 639 1994 muss.

32 2016 36 2089 J
216 2023 274 2071 29
303 2027 518 2068 Exerer
531 2038 570 2079 e,
603 2026 646 2069 d.
679 2026 708 2069 i.
741 2026 1154 2078 herausstreeken3
1190 2025 1384 2079 Papias:
1424 2026 1642 2068 «exertus
1672 2023 1701 2066 i.
1735 2036 1774 2066 6.
1799 2023 2005 2077 apertus,
2036 2018 2288 2071 nudatus»,

33 2109 36 2149 5
71 2093 191 2136 hier:
248 2106 383 2136 wenn
415 2092 528 2136 Gott
567 2093 731 2135 66111611
763 2093 887 2135 Zorn
929 2093 1015 2134 auf
1041 2092 1134 2134 den
1166 2091 1428 2145 Beleidiger
1469 2090 1836 2145 herausstreckt,
1880 2086 2145 2139 anwendet,
2179 2084 2223 2126 d.
2255 2084 2286 2127 1.

34 2159 35 2165 ’
71 2173 206 2204 wenn
237 2173 287 2202 er
318 2163 467 2202 ziirnt.
532 2159 668 2202 Guib.
703 2161 803 2215 514,
838 2162 914 2213 11;
950 2160 1002 2202 R.
1040 2162 1123 2201 192
1139 2158 1200 2202 G:
1238 2159 1416 2202 «effusa
1446 2159 1568 2213 ira»;
1603 2158 1707 2213 Goy
1736 2171 1783 2212 p.
1819 2159 1903 2199 175
1935 2154 2176 2197 ubersetzt
2206 2164 2287 2194 un-

55 2224 255 2282 ‘richtigz
293 2227 440 2270 «dans
471 2240 537 2269 un
568 2230 780 2269 moment
811 2226 871 2269 de
893 2225 1044 2269 colere
1074 2226 1396 2280 impatiente».

215 2298 275 2347 30
304 2301 579 2344 Tristitia
610 2300 873 2355 poenalis
903 2300 967 2344 ist
998 2301 1075 2344 die
1097 2301 1306 2355 Strenge,
1338 2300 1514 2344 welche
1546 2313 1597 2343 er
1629 2299 1698 2343 als
1722 2299 1875 2343 Strafe
1905 2296 2005 2339 und
2027 2294 2169 2357 Folge
2201 2292 2286 2334 des

69 2368 325 2423 gottlichen
357 2369 531 2411 Zornes
563 2382 620 2410 zu
651 2371 866 2422 ertragen
897 2368 994 2411 hat.

217 2440 272 2488 31
305 2443 480 2486 Diesen
511 2442 736 2485 letzteren
770 2442 876 2485 Satz
918 2441 1077 2484 haben
1108 2441 1223 2484 Tud.
1256 2442 1355 2484 und
1387 2442 1511 2484 Hist.
1544 2441 1588 2485 b.
1622 2440 1745 2484 sacri
1786 2437 2118 2493 weggelassen,
2162 2434 2287 2477 ohne

71 2510 258 2555 Zweifel
289 2510 393 2554 weil
425 2509 493 2553 sie
538 2510 672 2564 auch,
717 2508 987 2563 abgesehen
1017 2522 1113 2553 von
1144 2509 1317 2552 dessen
1347 2510 1608 2566 ungefiiger
1631 2505 1994 2559 Konstruktion,
2026 2501 2287 2546 denselben

70 2577 139 2621 als
169 2578 274 2620 eine
303 2577 530 2630 unnotige
560 2576 929 2630 Wiederholung
961 2576 1187 2619 ansahen.
1239 2576 1415 2619 Habita
1447 2576 1476 2618 i.
1510 2589 1548 2619 e.
1582 2588 1703 2630 quae
1733 2574 1989 2625 habentur3
2023 2570 2158 2614 Sinn:
2212 2567 2288 2609 Du

71 2644 198 2688 wirst
227 2644 279 2686 in
309 2645 465 2698 Bezug
496 2644 583 2686 auf
608 2643 782 2686 deinen
811 2643 1189 2698 gegenwartigen
1220 2643 1378 2686 Besitz
1410 2643 1524 2686 alles
1555 2642 1799 2687 verlieren.

214 2715 273 2763 32
303 2718 442 2762 Guib.
475 2721 574 2772 514,
607 2721 682 2771 23;
716 2719 771 2761 R.
808 2720 888 2760 193
903 2718 963 2759 A:
1021 2717 1123 2762 «Ad
1167 2718 1285 2760 11666
1317 2717 1562 2761 Curbaran
1592 2730 1653 2760 ex
1694 2714 1897 2759 materni
1941 2710 2165 2756 miraculo
2198 2721 2287 2752 661-

71 2785 224 2828 monis
255 2786 467 2828 redditur
498 2785 666 2839 hebes;
698 2788 746 2828 et
777 2785 836 2828 de
867 2787 1162 2840 propinquae
1185 2785 1378 2827 nomine
1399 2785 1564 2828 mortis
1597 2783 1825 2836 exanguis
1850 2784 1898 2825 et
1916 2779 2107 2824 tabidus
2138 2775 2285 2819 infit».

0 2909 1 2914 1
215 2855 274 2903 33
304 2860 420 2902 Rob.
442 2862 512 2915 58,
547 2862 621 2913 543
654 2861 708 2902 R.
729 2861 834 2902 813:
872 2860 940 2902 «A
973 2862 1164 2902 centum
1195 2859 1333 2903 annis
1365 2862 1413 2902 et
1443 2859 1615 2911 infra»;
1652 2859 1790 2901 Guib.
1815 2859 1915 2910 514,
1938 2857 2015 2907 28;
2051 2854 2104 2896 R.
2132 2851 2283 2894 1933:

0 2938 1 2954 ³
75 2923 303 2969 «Centum
337 2939 484 2980 prope
515 2939 745 2969 annorum
777 2929 994 2981 tempora
1026 2927 1223 2969 decursa
1254 2930 1567 2980 noscuntur»;
1602 2927 1669 2968 La
1687 2925 1861 2968 Chans.
1895 2923 2054 2965 d‘Ant.
2080 2919 2184 2973 VII,
2209 2920 2282 2959 10:

0 3002 1 3042 j
68 3003 131 3035 v«a
162 2995 270 3035 cent
299 3006 385 3035 ans
417 2992 628 3046 pasees».
690 2992 826 3036 Ohne
857 2993 1047 3037 Zweifel
1078 3006 1236 3037 waren
1267 2993 1375 3035 dem
1409 2993 1536 3036 Verf.
1570 2993 1647 3035 die
1677 2993 1728 3034 in
1759 2991 1974 3034 frflherer
2005 2987 2106 3030 Zeit
2137 2985 2284 3029 sehon

0 3075 1 3100 1
69 3057 134 3100 im
154 3059 464 3102 Abendlande
494 3059 811 3104 verbreiteten
842 3063 1170 3115 sogenannten
1202 3060 1656 3115 sibyllinischen
1687 3059 2138 3111 Weissagungen
2167 3051 2287 3094 uber

0 3135 1 3150 ¹
72 3123 147 3167 die
176 3126 455 3168 Herrschaft
485 3126 569 3169 der
598 3127 834 3181 Franken,
867 3127 1009 3171 bezw.
1043 3127 1174 3171 eines
1204 3132 1320 3170 rom.
1354 3126 1549 3170 Kaisers
1580 3126 1698 3168 siber
1729 3126 1806 3168 die
1837 3124 2026 3167 Heiden
2057 3119 2180 3164 wohl
2211 3118 2285 3160 be-

0 3214 1 3225 =
73 3191 235 3247 kannt,
268 3205 397 3235 wozu
426 3193 511 3236 wir
542 3193 801 3237 besonders
833 3194 909 3237 die
942 3194 1018 3236 bei
1050 3194 1220 3237 Gottfr.
1254 3207 1349 3238 von
1381 3193 1577 3241 Viterbo
1616 3194 1666 3235 111
1710 3193 1883 3235 (1666611
1914 3189 2163 3232 Pantheon
2193 3184 2286 3238 (bei

72 3257 312 3312 Pistorius,
357 3260 465 3302 Rec.
498 3259 653 3303 Germ.
689 3260 765 3304 SS.
796 3260 858 3315 II,
894 3264 976 3303 159
995 3261 1042 3303 ff.
1087 3261 1187 3304 und
1228 3260 1357 3304 Mon.
1392 3261 1549 3303 Germ.
1584 3260 1659 3303 SS.
1693 3259 1850 3313 XXII,
1884 3259 1968 3314 375
1991 3254 2041 3307 f.)
2070 3253 2168 3296 und
2208 3251 2285 3293 die

71 3336 164 3366 von
194 3324 398 3378 Usinger
425 3325 476 3367 in
507 3326 645 3368 FDG.
677 3327 739 3382 X,
772 3330 855 3369 621
889 3327 988 3370 und
1011 3341 1107 3371 von
1139 3327 1282 3371 Gerss
1315 3327 1500 3370 ebenda
1530 3327 1663 3379 XIX,
1697 3328 1781 3368 392
1805 3325 1852 3367 ff.
1896 3322 2084 3374 zahlen,
2127 3330 2285 3362 woran

0 3391 1 3439 j
74 3391 193 3432 auch
213 3391 296 3434 der
310 3393 559 3434 Ausdruck
580 3405 838 3435 «annorum
854 3396 1095 3448 tempora»
1123 3395 1351 3436 erinnert:
1388 3394 1519 3436 «Rex
1541 3394 1860 3435 Romanorum
1882 3401 2022 3432 omne
2055 3387 2147 3430 sibi
2177 3398 2285 3429 ven-

75 3455 197 3499 dicet
226 3471 421 3512 regnum
454 3458 774 3502 christianum.
817 3459 993 3504 Omnes
1025 3473 1133 3515 ergo
1164 3461 1345 3503 insulas
1377 3463 1425 3503 et
1455 3459 1669 3503 civitates
1702 3469 1994 3512 paganorum
2018 3451 2287 3497 devastabit

74 3525 120 3565 et
148 3524 369 3568 universa
399 3525 632 3568 idolorum
663 3525 875 3569 dest-ruet
915 3527 1094 3582 templa
1133 3530 1181 3570 et
1211 3539 1381 3570 omnes
1410 3539 1620 3581 paganos
1653 3525 1713 3567 ad
1747 3523 2035 3578 baptismum
2066 3532 2283 3564 convoca-

74 3587 157 3645 bit,
187 3593 235 3633 et
265 3604 349 3645 per
379 3592 538 3634 omnia
568 3592 745 3646 templa
777 3606 891 3636 crux
924 3593 1101 3637 Christi
1132 3594 1344 3648 erigetur.
1409 3595 1539 3635 Tune
1570 3604 1774 3646 namque
1805 3588 2054 3644 preveniet
2083 3587 2284 3642 Egiptus

76 3658 123 3698 e't
137 3656 359 3710 Ethiopia
379 3671 548 3702 manus
579 3659 691 3702 dare
713 3660 814 3703 de0.
847 3660 939 3711 Qui
961 3673 1073 3705 vero
1095 3674 1279 3704 crucem
1303 3660 1483 3703 domini
1512 3672 1609 3702 non
1631 3657 1908 3711 adoraverit,
1940 3655 2095 3710 gladio
2129 3652 2285 3708 punie-
