2476 3912
97 215 254 269 ‘citur
284 212 387 266 «ad
405 211 681 267 vincula».
720 210 886 265 Unde
911 229 1119 283 magna

56 575 176 624 111111
213 585 535 639 pauperum.

276 657 443 710 Gesta
482 674 524 710 c.
566 656 753 721 XXX,
794 658 846 708 4.

123 746 375 815 Denique
422 746 583 799 divisi
629 750 760 798 sunt
796 746 1025 799 seniores
1063 750 1117 798 01

56 303 312 374 angustia
368 306 422 354 01
468 299 750 354 tribulatio
815 302 1123 355 immensus-

56 409 163 464 que
201 392 346 445 dolor
384 389 490 443 fuit
533 391 593 442 in
631 395 737 443 tota
784 388 991 443 Christi
1026 391 1124 442 mi-

55 483 187 546 litia,
237 479 368 549 quia
411 478 503 531 ille
548 482 663 531 erat
723 482 1120 532 sustentamen-

716 62 745 118 §
777 68 815 106 6.
880 64 967 107 Die
998 65 1278 118 Benutzung
1309 64 1392 106 der
1424 63 1614 106 Gesten.
2208 62 2264 103 55

1210 210 1450 264 bendere
1476 210 1826 279 aliquatenus
1852 209 2187 280 nequivinus
2216 251 2226 262 .
2252 250 2264 262 .

1209 298 1436 370 Sepulto
1477 300 1730 370 episcopo
1769 300 1828 352 in
1868 298 2094 352 ecclesia
2118 296 2267 351 beati

1207 388 1354 442 Petri
1393 387 1722 441 Antiochiae
1748 432 1756 441 .
1784 430 1794 441 .
1820 431 1829 441 .
1856 430 1865 441 .

1290 654 1471 708 Raim.
1512 673 1564 726 p.
1611 656 1732 721 156,
1778 656 1831 720 l;
1874 654 1938 708 R.
1982 657 2089 708 262
2111 654 2174 708 E.

1276 744 1419 798 Cum
1458 745 1603 798 inter
1653 762 1711 798 se
1765 746 1925 798 divisi
1971 745 2263 811 principes,

58 836 413 902 unusquisque
428 834 698 901 profectus
725 835 880 887 estin
919 839 1116 887 terram
1200 833 1566 887 Boamundus
1604 833 1664 886 in
1697 832 2033 887 Romaniam
2072 837 2154 886 est
2190 850 2265 884 re-

56 938 222 987 suam,
264 922 438 976 donec
465 927 607 976 esset
632 923 902 976 terminus
929 922 1113 977 eundi.
1199 941 1419 994 gressus
1465 928 1518 976 01
1565 922 1682 976 dux
1718 921 2109 992 Lotharingiae
2154 939 2265 976 ver-

1201 1030 1296 1065 sus
1335 1012 1504 1065 Roais
1534 1014 1808 1080 profectus
1847 1017 1935 1065 est.

1373 1120 1424 1173 p.
1472 1103 1592 1168 160,
1639 1103 1728 1166 10;
1770 1101 1835 1154 R.
1880 1102 1988 1154 270
2022 1100 2086 1153 A.

1275 1193 1530 1245 Ascendit
1592 1196 1712 1245 ante
1770 1208 1944 1245 ornnes
2000 1190 2267 1257 Golferius

354 1120 395 1155 c.
440 1101 710 1167 XXXIII,
754 1105 802 1155 ὃ.

123 1193 396 1260 Gulferius
427 1193 490 1245 de
516 1192 759 1246 Daturre
795 1194 1012 1259 primus
1038 1210 1115 1245 as-

51 1284 216 1337 cendit
251 1299 348 1352 pet·
386 1281 591 1334 scalam
633 1281 692 1334 in
719 1299 971 1346 murum;
1021 1282 1119 1336 alii
1202 1282 1264 1334 de
1296 1281 1581 1335 Turribus:
1621 1297 1790 1350 quem
1828 1278 2108 1332 subsecuti
2135 1282 2268 1331 sunt

49 1373 223 1427 statim
273 1372 620 1424 ascenderunt
671 1388 830 1437 super
883 1389 1111 1424 murum.
1190 1372 1395 1439 plures,
1458 1371 1551 1439 qui
1610 1388 1823 1424 murum
1875 1374 1929 1422 01
1993 1367 2266 1438 quosdam

49 1458 301 1515 Saraceni
339 1459 507 1530 igitur
543 1463 659 1512 tam
698 1449 923 1512 robuste
968 1461 1117 1513 inva—

48 1555 228 1604 serunt
264 1566 361 1620 per
399 1568 625 1602 murum.

371 1655 413 1690 c.
457 1637 701 1703 XXXV,

21 1737 25 1805 ς
121 1728 297 1781 Naves
354 1727 558 1798 quippe
596 1734 805 1782 nostrae
868 1733 1119 1782 venerunt

40 1833 210 1885 prope
273 1835 367 1870 nos
429 1817 489 1870 in
552 1816 834 1887 quendam
896 1822 1119 1888 portum

17 1904 318 1995 quamdiu
358 1905 568 1959 fuimus
606 1908 665 1960 in
701 1907 795 1960 illa
841 1907 1117 1974 obsidione,

17 1964 332 2074 deferentes
358 1994 668 2048 maximum
690 2001 992 2060 mercatum,
1021 1994 1116 2048 sci

44 2061 169 2137 11001
207 2083 566 2149 frumentum,
609 2086 790 2138 vinum
821 2088 875 2138 01
907 2103 1116 2138 carnem

1201 1466 1378 1513 turres
1418 1458 1653 1515 civitatis
1694 1461 2014 1513 invaserunt.

1425 1657 1478 1709 p.
1513 1640 1632 1704 164,
1675 1639 1732 1702 5;
1773 1637 1839 1690 R.
1883 1637 1989 1690 276
2018 1635 2080 1689 Β.

1276 1727 1531 1798 Cumque
1587 1729 1646 1781 in
1705 1728 1803 1780 hac
1857 1727 2120 1781 obsidione
2177 1724 2266 1777 ali-

1202 1833 1373 1887 quam
1412 1834 1627 1871 moram
1658 1816 1992 1881 fecissemus
2018 1818 2270 1868 venerunt

1201 1907 1273 1960 ad
1309 1924 1402 1960 nos
1439 1925 1598 1960 naves
1634 1911 1843 1960 nostra-e
1881 1904 1951 1957 ab
1972 1901 2270 1956 Antiochia

1201 2000 1254 2049 01
1279 1994 1565 2062 Laodicea,
1607 2000 1661 2049 01
1697 1995 1906 2048 multae
1932 1993 2070 2047 aliae
2095 2009 2266 2047 naves

1199 2085 1595 2139 Veneticorum
1648 2089 1703 2139 01
1757 2084 2095 2138 Graecorum
2149 2100 2266 2136 cuni

46 2174 100 2225 01
137 2189 359 2225 caseum
406 2178 461 2226 01
504 2174 754 2228 hordeum
805 2178 859 2226 01
911 2173 1111 2240 01011111,
1193 2178 1475 2245 fruniento,
1515 2177 1634 2230 vino
1685 2179 1739 2228 01
1775 2174 1963 2227 hordeo
2017 2177 2065 2226 et
2109 2188 2266 2224 carne

46 2259 194 2313 unde
232 2261 477 2314 maxima
515 2261 737 2315 ubertas
765 2262 870 2315 fuit
907 2263 967 2315 in
997 2268 1113 2317 tota

47 2349 403 2420 expeditione.

369 2456 413 2492 c.
454 2438 699 2505 XXXV,
740 2441 791 2493 4.

118 2528 234 2581 Rex
272 2546 495 2598 quoque
527 2530 757 2597 Tripolis
784 2548 945 2602 saepe
970 2551 1105 2585 nun—

1195 2266 1422 2338 porcina
1461 2270 1514 2318 01
1552 2263 1673 2318 aliis
1713 2262 2019 2318 venalibus.

1447 2462 1498 2515 p.
1546 2445 1673 2509 170
1714 2443 1779 2496 R.
1824 2443 1930 2496 286
1953 2440 2020 2495 A.

1275 2536 1392 2588 Rex
1420 2535 1648 2602 Tripolis
1674 2533 1947 2586 mandavit
1967 2532 2039 2584 ad
2063 2535 2264 2583 nostros

6 2671 7 2674 ,
6 2601 142 2668 tios
178 2618 410 2670 mittebat
434 2620 741 2683 senioribus,
781 2625 846 2673 111
883 2622 1103 2675 dimitte·
1189 2626 1482 2691 principes,
1535 2625 1585 2677 si
1631 2625 1934 2677 desisterent
1981 2621 2045 2674 ab
2073 2637 2265 2687 oppuy-

4 2726 6 2786 J
47 2709 162 2758 rent
212 2711 442 2760 castrum
498 2711 552 2759 01
597 2724 725 2760 011111
773 2726 835 2762 eo
888 2727 1105 2763 concor-

2 2804 5 2870 3
53 2791 324 2846 darentur.

356 2900 398 2936 c.
442 2883 697 2938 XXXVI
703 2930 712 2950 ,
760 2888 804 2939 1.

120 2967 368 3024 Tandem
433 2974 796 3029 concordatus
867 2981 950 3030 est
1010 2994 1107 3030 rex

0 3052 1 3055 ’
47 3052 278 3127 Tripolis
347 3077 476 3114 cum
527 3063 833 3117 senioribus
889 3064 1107 3135 illisque

49 3146 309 3201 continuo
348 3151 582 3205 dissolvit
629 3152 930 3223 plusquam
969 3153 1103 3208 CCC

42 3237 362 3302 pereyrinos‚
390 3240 482 3306 qui
506 3241 615 3294 illic
641 3244 781 3308 capti
811 3249 978 3306 erant,
1021 3243 1106 3297 de-

47 3317 233 3391 ditque
289 3327 395 3379 illis
455 3328 515 3380 X
525 3328 577 3381 V
620 3331 789 3383 millia
846 3333 1104 3387 bisanteos

48 3412 102 3462 et
136 3409 247 3466 XV
286 3432 438 3481 equos
474 3418 666 3486 magni
717 3419 899 3489 pret-ii,
952 3420 1105 3475 dedit

48 3500 212 3551 etiam
275 3501 435 3556 nobis
490 3521 760 3575 magnum
818 3516 1104 3563 mercatum

46 3599 327 3655 equorum,
394 3591 677 3646 asinorum
739 3597 1105 3668 omniumque

1197 2715 1408 2766 natione
1446 2713 1704 2775 Arcados,
1765 2713 1982 2765 donaret
2021 2711 2094 2762 eis
2152 2707 2274 2760 XV

1197 2802 1348 2854 milia
1386 2819 1573 2854 aureos
1610 2805 1664 2854 01
1702 2818 1855 2868 equos
1894 2804 1948 2852 01
1991 2796 2171 2850 mulas
2211 2800 2265 2848 01

1196 2894 1372 2944 vestes
1405 2894 1459 2943 01
1484 2889 1746 2944 victualia
1784 2893 1950 2958 atque
1976 2892 2262 2941 mercatum

1196 2978 1263 3031 de
1309 2977 1570 3032 omnibus
1627 2978 1792 3032 rebus
1846 2978 2047 3030 faceret
2110 2972 2263 3027 omni

1195 3067 1423 3138 populo;
1473 3072 1751 3138 praeterea
1796 3065 2045 3120 redderet
2090 3081 2263 3117 omnes

1196 3158 1425 3224 captivos
1441 3175 1567 3225 quos
1586 3158 1803 3210 habebat
1824 3158 1886 3210 de
1901 3163 2049 3226 yente
2068 3159 2266 3209 nostra.
