2476 3912
181 73 237 114 54
1141 71 1425 127 Einleitung.

136 237 138 239 ’
182 220 438 282 crucibuS,
509 223 725 272 orantes
789 223 842 272 et
905 220 1238 287 deprecantes

182 307 489 370 Dominum,
528 313 588 361 ut
624 309 714 362 hos
750 309 919 362 salvos
953 309 1149 376 faceret
1186 312 1240 361 et

184 395 480 449 custodiret
532 401 586 449 et
638 395 709 450 ab
763 396 1023 450 omnibus
1077 396 1239 451 malis

183 485 423 556 eriperet.
465 484 577 538 Alii
613 487 822 540 stabant
845 504 1005 553 super
1027 504 1240 539 murum

172 580 378 640 portae,
432 578 681 628 tenentes
735 591 914 628 sacras
955 591 1142 627 cruces
1181 573 1239 625 in

182 662 443 725 manibus
482 663 611 728 SUiS,
665 662 936 733 signando
984 667 1038 716 et
1081 662 1242 715 bene·

184 751 416 805 dicendo
455 769 571 806 noe.

417 1196 585 1249 Gesta
619 1213 661 1249 e.
703 1195 918 1261 XXIX,
962 1197 1010 1250 8.

260 1285 333 1339 Et
360 1286 627 1353 persecuti
663 1290 787 1338 suut
834 1302 914 1338 eos
967 1301 1130 1351 usque
1176 1284 1248 1336 ad

186 1375 422 1428 Pontem
461 1373 698 1426 ferreum
738 1390 803 1426 ac
831 1371 1030 1425 deinde
1069 1389 1247 1442 usque

188 1462 256 1516 ad
315 1467 557 1516 castrum
610 1461 899 1515 Tancredi.
978 1460 1066 1514 Illi
1118 1477 1247 1515 vero

191 1551 520 1605 dimiserunt
563 1550 641 1604 ibi
676 1551 980 1618 papiliones
1026 1567 1155 1603 suos
1195 1552 1249 1601 et

189 1660 383 1695 aurum
422 1647 469 1694 et
494 1646 767 1709 aryeutum
804 1641 1068 1707 multaque
1094 1656 1248 1692 orua-

189 1736 376 1795 meuta,
425 1746 553 1784 oves
592 1746 813 1799 quoque
859 1732 913 1781 et
952 1727 1137 1793 boveS,
1193 1731 1247 1779 et

190 1835 360 1888 equos
406 1822 460 1871 et
485 1817 681 1883 mulos,
723 1818 940 1871 camelos
966 1821 1019 1869 et
1044 1815 1244 1880 asinoe„

189 1908 535 1960 frumentum
573 1911 626 1960 et
664 1906 875 1971 vinum,
917 1905 1154 1959 farinam
1194 1909 1248 1958 et

191 1997 301 2050 alia
339 1997 522 2056 multa,
570 2012 712 2065 quae
749 1993 910 2048 nobis
958 1998 1115 2046 erant
1158 2009 1248 2045 ne·

192 2084 439 2138 cessaria.

502 2191 546 2226 c.
587 2172 802 2236 XXIX,
849 2173 933 2224 12.

268 2264 382 2317 Hoc
420 2263 603 2316 bellum
647 2262 849 2328 factum
904 2265 978 2313 est
1029 2259 1089 2311 in
1142 2255 1250 2312 IV⁰

193 2352 319 2406 Kal.
362 2351 511 2415 Julii,
568 2352 628 2403 iu
680 2351 863 2418 vicilia
903 2348 1251 2415 apostolorum

191 2442 341 2496 Petri
398 2446 445 2494 et
500 2440 676 2502 Pauli,
738 2443 986 2509 requau-te
1045 2437 1251 2489 domiuo

191 2535 366 2584 uostro
381 2529 430 2583 J
425 2547 514 2582 esu
534 2527 756 2590 Christo,
786 2526 875 2579 cui
901 2530 983 2578 est
1008 2524 1185 2577 honor
1201 2528 1254 2576 et

190 2617 364 2689 gloria
389 2619 447 2670 iri
466 2617 783 2683 sempiterna
799 2615 1023 2668 saecula.
1066 2614 1252 2666 Amen.

1243 2717 1246 2721 ’
1338 2695 1436 2766 qui
1461 2695 1598 2749 vivit
1635 2699 1689 2748 et
1714 2699 1904 2748 manet
1929 2712 2058 2748 cum
2089 2694 2258 2749 servis
2286 2693 2402 2747 suis

461 2988 504 3023 e.
545 2968 733 3033 XXX,
781 2969 864 3021 10.
910 2968 992 3019 11.

270 3060 521 3124 Quorum
559 3062 734 3110 rector
771 3061 825 3110 et
869 3059 1054 3126 pastor
1100 3053 1257 3106 exsti-

193 3148 262 3202 tit
299 3148 576 3202 Podierisis
614 3147 898 3212 episcopus,
929 3142 1065 3214 qui,
1114 3146 1259 3194 nutu

195 3236 313 3302 Dei,
360 3235 514 3306 gravi
559 3231 900 3303 aegritudine
938 3233 1131 3300 captus
1177 3232 1259 3282 est

198 3330 264 3389 et,
306 3330 370 3377 ut
421 3323 524 3377 Dei
560 3321 816 3377 voluntas
856 3318 976 3383 fuit,
1016 3318 1264 3386 miyravit

200 3413 270 3466 ab
309 3412 415 3465 hoc
455 3410 671 3465 saeculo
698 3414 751 3463 et
769 3411 828 3462 iu
856 3425 990 3475 pace
1028 3404 1261 3474 requies-

201 3518 329 3553 cens
368 3501 676 3554 obdormivit
711 3500 770 3551 iri
808 3497 1038 3551 Domino
1076 3494 1136 3546 in
1183 3511 1260 3546 so-

198 3588 481 3641 lemnitate
539 3587 742 3640 scilicet
799 3585 852 3639 S.
892 3583 1053 3648 Petri,
1117 3598 1260 3652 quae

1321 222 1576 275 iutorium
1640 225 1693 273 et
1731 226 2048 274 sanctorum
2086 222 2354 292 patrocini

1322 307 1634 364 invocando
1674 314 1975 363 cantantes.
2385 352 2388 353 γ
2428 341 2429 346 =

1397 397 1578 451 Raim.
1607 415 1659 468 p.
1707 398 1826 463 154,
1868 399 1963 463 50;
2004 399 2071 452 R.
2113 399 2221 452 260
2241 398 2313 452 Η.
2423 377 2439 473 ἶ

1398 486 1645 556 Egressis
1664 486 1965 553 ordinibuS‚
1997 489 2206 542 stabant
2225 505 2374 542 sacer

1327 573 1481 628 dotes
1511 573 1678 628 nudis
1716 574 1951 645 pedibus
2000 580 2054 628 et
2093 574 2277 629 induti
2314 593 2374 630 sa
2423 567 2433 590 ²

1329 662 1696 717 cerdotalibus
1783 664 2128 719 vestimentis
2225 683 2357 732 supr
2439 687 2441 722 ;

1328 770 1506 806 muros
1545 754 1786 818 civitatis,
1849 753 2026 807 Deum
2081 723 2418 846 invocantem}

1329 840 1388 895 ut
1415 841 1676 909 populum
1711 859 1868 895 suum
1894 843 2190 910 defenderet
2227 846 2445 930 atque&

1329 934 1741 996 testamentum,
1783 929 1934 1000 quod
1979 931 2249 1001 sanguine
2293 932 2439 1003 suoj}

1331 1019 1580 1084 sancivit,
1607 1018 1668 1072 in
1693 1019 1800 1072 hoc
1826 1018 1969 1072 bello
1994 1036 2092 1089 per
2109 1005 2419 1094 victoriam{

1329 1107 1673 1161 Francorum
1710 1107 2106 1160 testificaretur.
2403 1097 2424 1185 ξ

1507 1214 1558 1267 p.
1605 1197 1726 1261 155,
1756 1197 1851 1261 30;
1891 1195 1958 1249 R.
2001 1197 2106 1249 261
2147 1195 2214 1249 D.
2446 1253 2449 1275 ἱ

1404 1285 1675 1339 Persecuti
1699 1290 1822 1339 suut
1849 1303 1931 1338 eos
1958 1302 2122 1352 usque
2149 1284 2222 1338 ad
2247 1248 2426 1359 occa-3

1331 1392 1457 1428 sum
1497 1373 1626 1427 solis
1664 1417 1673 1427 .
1706 1417 1716 1427 .
1750 1416 1760 1427 .
1811 1373 2001 1426 omnia
2045 1377 2233 1426 autern
2288 1361 2427 1474 teu-¹}¹

1331 1465 1470 1517 toria
1507 1453 1734 1517 hostium
1783 1467 1945 1533 capta
1993 1467 2128 1515 sunt
2173 1466 2228 1516 et
2270 1463 2399 1516 auri
2407 1477 2426 1565 ᾗ

1331 1557 1386 1606 et
1449 1553 1655 1621 aryeuti
1716 1553 1940 1605 multum
1996 1555 2050 1604 et
2110 1552 2446 1619 spoliorumg,

1331 1640 1660 1712 plurimum;
1709 1659 1950 1694 armoriae
1995 1658 2113 1694 vero
2152 1647 2206 1693 et
2241 1624 2425 1710 peon-f

1330 1748 1457 1784 rum
1511 1735 1565 1783 et
1610 1731 1924 1784 camelorum
1977 1729 2095 1782 sine
2134 1745 2398 1782 mensura
2444 1743 2446 1745 ·

1330 1824 1384 1873 et
1420 1836 1668 1872 numero,
2415 1839 2425 1890 ·,

2414 1997 2455 2081 ξ,

2410 1709 2426 1824 ΜΔ,

1509 2179 1562 2231 p.
1610 2161 1729 2224 155,
1772 2160 1870 2224 34;
1911 2159 1976 2213 R.
2021 2161 2126 2213 261
2157 2158 2222 2212 G.

1408 2252 1580 2305 Facta
1617 2256 1742 2304 suut
1779 2256 1951 2303 autem
1976 2251 2102 2304 haec
2130 2251 2191 2304 iri
2215 2250 2400 2319 viyilia
2418 2245 2432 2281 ’-
2455 2270 2457 2278 ’

1334 2341 1682 2408 apostolorum
1721 2340 1871 2393 Petri
1909 2344 1957 2393 et
1993 2339 2169 2404 Pauli,
2211 2327 2422 2414 quibus⁴
2454 2344 2457 2388 ὲ

1336 2430 1762 2483 intercessoribus
1798 2429 1959 2483 Jesus
2004 2428 2249 2482 Christus
2287 2428 2423 2482 Do?
2455 2423 2459 2498 J

1336 2520 1514 2572 miuus
1539 2523 1713 2571 noster
1739 2519 1954 2571 contulit
1972 2519 2107 2571 hauc
2127 2518 2415 2570 victoriam

1337 2606 1654 2678 peregrinae
1715 2605 1973 2659 eeclesiae
2036 2605 2397 2670 Francorum,
2423 2634 2461 2683 ,γι

1337 2783 1607 2855 propitius
1639 2783 1914 2836 Dominus
1945 2800 2042 2853 per
2073 2789 2260 2837 cuncta
2285 2801 2399 2836 sae·
2459 2777 2461 2784 ⁴

1341 2874 1459 2927 cula
1495 2874 1835 2926 saeculorum.
1915 2873 2102 2925 Amen.
2459 2858 2462 2871 ⁸

1536 2979 1588 3031 p.
1635 2961 1754 3024 155,
1798 2961 1892 3024 55;
1932 2960 1998 3013 R.
2042 2961 2149 3013 262
2170 2959 2232 3012 Ε.

1413 3050 1628 3102 Interea
1682 3048 1826 3111 dom.
1885 3050 2036 3116 episc.
2091 3048 2403 3101 Ademarus
2461 3110 2463 3135 1

1341 3139 1634 3200 Podieusi8‚
1676 3136 1907 3190 dilectus
1942 3138 2044 3190 deo
2083 3141 2137 3190 et
2174 3136 2408 3189 homini-

1342 3226 1464 3291 buS,
1505 3226 1589 3280 vir
1618 3243 1715 3296 per
1741 3226 1928 3278 omnia
1959 3243 2134 3290 carue,
2164 3224 2251 3277 die
2278 3224 2402 3277 Kal.
2428 3212 2434 3259 ἶ
2462 3291 2464 3293 ‚

1345 3314 1587 3384 Augusti
1623 3317 1681 3368 iu
1724 3333 1859 3382 pace
1904 3316 2151 3384 miqravit
2187 3315 2260 3368 ad
2297 3313 2410 3367 Do·
2463 3366 2465 3381 ,

1344 3405 1561 3468 minum,
1615 3409 1902 3473 tantusque
1958 3405 2128 3457 luctus
2176 3403 2410 3456 omnium
2463 3408 2465 3439 ἱ

1350 3491 1774 3546 Christianorum
1812 3492 1870 3544 in
1917 3495 2091 3544 morte
2129 3490 2246 3543 eius
2266 3489 2408 3554 fuit,

1341 3585 1405 3633 ut
1450 3597 1550 3634 nos
1589 3580 1686 3650 qui
1724 3579 1998 3634 vidimus,
2032 3623 2041 3632 .
2073 3621 2083 3632 .
2118 3621 2127 3631 .
2172 3594 2412 3648 compre·
