2476 3912
224 161 332 204 VIII
1170 161 1337 204 Inhalt.

2320 262 2424 296 Seite

216 309 330 365 Cap.
363 308 466 352 XII.
588 309 840 353 Antiochia
870 323 898 352 a
932 309 1119 353 Francis
1172 309 1428 352 obsidetur.
1480 308 1612 351 Turci
1662 308 1787 362 apud
1835 308 2076 351 castellum
2111 308 2234 361 Areg

624 383 938 428 devincuntur
969 415 2221 426 ......................
2335 384 2420 424 239

264 472 284 498 >>
349 458 480 501 ΧΙΙΙ.
569 458 736 501 Franci
769 457 1010 501 castellum
1033 457 1271 511 Maregart
1292 460 1572 500 construunt
1602 460 1650 499 et
1673 457 1798 499 fame
1826 456 1875 498 in
1908 456 2072 499 castris
2105 456 2229 498 labo-

626 535 745 576 rant.
791 531 902 576 Plus
924 533 1009 576 XX
1030 532 1158 575 milia
1188 532 1390 575 militum
1412 534 1460 574 et
1490 530 1700 585 peditum
1721 530 1952 585 insignem
1986 530 2227 574 victoriam

626 607 676 649 in
707 609 832 649 terra
864 606 1198 650 Saracenorum
1231 608 1475 660 reportant
1509 638 1518 647 .
1566 614 1587 647 .'
1624 636 2224 648 ...........
2339 606 2425 646 248

264 695 284 721 >>
348 681 478 725 XIV.
568 681 704 723 Turci
737 680 988 724 Antiochia
1011 680 1194 723 obsessi
1226 680 1431 722 Francos
1462 678 1695 722 invadunt
1725 682 1773 721 et
1803 679 1976 721 multos
1997 678 2229 720 occidunt.

629 754 909 816 Exhortatio
942 754 1206 797 Boamundi
1244 754 1303 796 ad
1337 766 1431 807 eos,
1466 754 1546 807 qui
1579 753 1736 806 fugam
1769 752 2095 795 moliebantur.
2150 753 2230 793 Pe-

628 830 764 872 nuria
796 829 889 872 cibi
919 829 969 871 in
1002 829 1168 872 castris
1213 858 2226 870 ..................
2340 827 2427 868 254

265 918 285 943 »
348 904 456 947 XV.
566 904 636 946 De
668 904 778 958 fuga
809 902 936 946 Petri
967 902 1230 945 heremitae
1263 904 1310 944 et
1340 901 1561 944 Willelmi
1595 900 1890 955 Carpentarii
1980 933 2226 943 .....
2340 896 2427 941 258

263 992 284 1018 >>
347 977 477 1021 XVI.
568 977 639 1020 De
668 976 867 1031 perfidia
911 976 1060 1030 Tetigi
1091 979 1139 1019 et
1169 976 1228 1018 de
1260 966 1509 1029 multiplici
1555 974 1819 1018 calamitate
1861 975 2094 1018 exercitus
2137 975 2228 1016 An-

626 1050 848 1094 tiochiam
880 1050 1143 1094 obsidentis
1212 1080 2227 1092 ..................
2341 1050 2424 1089 261

265 1139 285 1167 >>
348 1126 503 1169 XVII.
570 1125 874 1168 Boamundus
915 1125 1039 1167 inter
1086 1123 1311 1166 Orontem
1358 1122 1554 1167 fluvium
1603 1126 1651 1165 et
1693 1122 1846 1165 lacum
1884 1122 2232 1165 Antiochenum

631 1201 692 1243 V⁰
714 1199 828 1242 Idus
845 1198 1088 1242 Februarii
1112 1199 1288 1241 Turcos
1305 1197 1450 1242 vincit
1474 1201 1522 1240 et
1541 1210 1691 1252 usque
1713 1198 1772 1240 ad
1791 1198 1990 1240 Pontem
2008 1197 2231 1239 Farreum

628 1272 926 1327 persequitur
970 1303 2224 1315 ......................
2339 1273 2427 1312 265
2475 1283 2476 1286 ¹

266 1361 287 1387 »
349 1348 527 1391 XVIII.
570 1348 639 1390 De
670 1360 840 1401 magno
872 1347 1061 1401 proelio,
1095 1346 1219 1400 quod
1253 1345 1554 1388 commissum
1595 1348 1668 1388 est
1699 1348 1809 1387 ante
1840 1345 2154 1399 Antiochiam,
2186 1348 2233 1387 et

628 1422 687 1464 de
720 1424 873 1464 castro
908 1433 1049 1475 super
1079 1423 1273 1475 pontem
1303 1419 1437 1462 iuxta
1468 1419 1842 1462 Machumariam
1875 1419 2132 1461 constituto
2159 1451 2168 1461 .
2218 1453 2227 1462 .
2342 1421 2429 1462 275

267 1509 287 1536 >>
350 1496 483 1541 ΧΙΧ.
570 1496 839 1539 Tancredus
871 1498 1074 1539 castrum
1098 1495 1160 1537 ad
1189 1495 1479 1537 occidentem
1503 1494 1646 1537 situm
1675 1497 1819 1549 tenet,
1852 1493 2073 1537 obsessos
2102 1493 2232 1536 exitu

567 1584 573 1590 ·
630 1574 677 1614 et
708 1571 861 1614 socios
893 1581 1056 1613 eorum
1088 1569 1284 1612 introitu
1317 1568 1448 1612 uibis
1480 1568 1738 1622 prohibens
1805 1601 1816 1611 .
1865 1601 1875 1610 .
1923 1601 1934 1612 .
1982 1601 1992 1610 .
2052 1588 2062 1598 ·
2101 1600 2111 1610 .
2160 1600 2170 1609 .
2219 1600 2229 1610 .
2343 1570 2429 1611 289

267 1658 287 1684 >>
351 1645 450 1688 ΧΧ.
571 1645 720 1701 Pirus,
745 1645 935 1698 quidam
958 1642 1539 1697 ammiratusAntiochiae‚
1563 1655 1667 1685 cum
1692 1641 2232 1685 Boamundoamicitiam

630 1719 731 1763 init.
775 1719 1024 1761 Antiochia
1057 1732 1084 1761 a
1115 1718 1307 1761 Francis
1339 1717 1522 1771 capitur
1567 1748 2228 1759 ............
2343 1720 2428 1759 293

269 1808 289 1834 >>
353 1795 475 1838 ΧΧΙ.
574 1793 843 1849 Curbaram,
878 1795 951 1836 cui
974 1794 1257 1836 Sensadolus
1281 1792 1524 1836 castellum
1547 1792 1828 1835 Antiochiae
1849 1792 2006 1842 tradit,
2030 1793 2234 1834 Francos

632 1868 747 1911 urbe
778 1868 954 1922 potitos
976 1867 1163 1910 obsidet
1185 1870 1231 1910 et
1253 1867 1446 1911 Sultano
1471 1866 1674 1920 Persiae,
1708 1866 1901 1909 domino
1924 1879 2022 1921 suo,
2057 1866 2231 1920 scribit,

646 1955 697 1986 se
718 1956 814 1985 non
844 1943 974 1996 prius
997 1942 1056 1984 ab
1090 1941 1340 1984 Antiochia
1364 1942 1694 1997 discessurum,
1728 1953 1867 1994 quam
1891 1954 1993 1983 eam
2016 1941 2230 1995 cepisset.
2345 1943 2426 1983 311

268 2032 288 2058 »
354 2017 497 2061 XXII.
575 2016 729 2059 Mater
762 2016 1038 2059 Gurbarami
1080 2015 1228 2058 filium
1259 2015 1461 2058 retinere
1493 2018 1700 2069 conatur,
1739 2028 1801 2057 ne
1834 2019 1996 2058 contra
2024 2016 2231 2058 Francos

631 2093 822 2145 pugnet.
885 2091 1139 2134 Curbaram
1173 2090 1339 2132 matris
1371 2089 1618 2132 consilium
1651 2090 1826 2132 refutat
1862 2122 2229 2132 .......
2344 2093 2429 2132 323

270 2180 290 2206 >>
354 2165 522 2210 XXIII.
570 2165 763 2208 Obsessi
784 2165 959 2208 frustra
981 2167 1141 2208 contra
1159 2164 1417 2207 Curbaram
1438 2167 1672 2220 pugnant3
1705 2165 1840 2207 multi
1857 2178 2016 2207 eorum
2035 2177 2095 2207 ex
2116 2165 2232 2207 urbe
2475 2151 2476 2158 ἵ

634 2240 753 2282 013111
784 2240 971 2293 fugiunt
1037 2270 2230 2282 .....................
2312 2295 2315 2298 ⁴
2345 2242 2442 2282 330·
2474 2225 2476 2253 Ψ

269 2329 289 2354 >>
354 2315 531 2357 XXIV.
573 2314 797 2356 Sacerdos
830 2314 1019 2367 quidam
1051 2313 1283 2356 visionem
1306 2326 1505 2355 narrans
1537 2313 1718 2356 animos
1751 2314 2017 2367 principum
2041 2314 2234 2356 Franco-

634 2402 737 2430 rum
770 2388 1015 2430 confirmat
1097 2418 2229 2430 ....................
2345 2391 2429 2430 335

277 2476 299 2503 »
363 2463 518 2506 XXV.
586 2463 725 2504 Petro
757 2462 1002 2516 peregrino
1034 2461 1084 2503 in
1105 2461 1286 2505 visione
1319 2462 1362 2503 S.
1385 2461 1600 2503 Andreas
1621 2461 1772 2503 locum
1806 2462 2109 2517 demonstrat,
2143 2475 2234 2516 quo
2444 2459 2445 2462 ’

637 2538 799 2578 1311003
831 2535 1085 2578 Salvatoris
1117 2538 1218 2577 erat
1249 2535 1490 2577 recondita
1573 2567 2231 2578 ............
2344 2539 2447 2588 3415

271 2624 292 2650 »
356 2611 536 2654 XXVI.
576 2611 714 2664 Hugo
745 2610 778 2651 11
808 2611 1042 2652 Forcenez
1075 2609 1259 2658 fortiter
1290 2609 1454 2651 turrim
1487 2610 1723 2663 quandam
1755 2612 1918 2651 contra
1948 2610 2122 2652 Turcos
2163 2610 2236 2651 de·
2444 2606 2447 2612 ’

635 2684 800 2726 fendit.
862 2683 1186 2726 Meridionalis
1229 2696 1340 2737 pars
1382 2683 1512 2725 urbis
1552 2683 1771 2725 incendio
1802 2685 2032 2727 vastatur.
2104 2684 2234 2737 Ignis

635 2757 695 2800 de
727 2758 853 2800 caelo
885 2757 1116 2812 apparuit.
1179 2757 1416 2799 Immensa
1446 2757 1597 2800 fames
1627 2757 1678 2798 in
1708 2757 1825 2799 urbe
1866 2787 1886 2799 .-
1925 2789 2229 2800 ......
2344 2761 2428 2801 345

274 2845 294 2871 >>
358 2831 561 2874 XXVII.
586 2831 853 2885 Stephanus
885 2844 1042 2874 comes
1073 2844 1099 2873 e
1131 2831 1295 2873 castris
1327 2831 1460 2885 fugit.
1521 2831 1660 2873 Wido
1682 2831 2009 2873 Boamundum
2037 2831 2230 2874 fratrem

576 2912 580 2916 ’
634 2908 872 2959 tamquam
905 2908 1140 2948 mortuum
1171 2905 1388 2959 deplorat
1450 2937 2229 2948 ..............
2343 2909 2428 2950 353

274 2993 294 3019 >>
358 2979 767 3023 XXVIII.Lancea
797 2979 989 3022 Domini
1019 2978 1269 3038 invenitur.
1299 2992 1302 2995 ·
1333 2979 1501 3021 Petrus
1520 2979 1763 3035 'heremita
1806 2983 1853 3021 et
1883 2978 2140 3021 Herluinus
2173 2980 2232 3022 ad

637 3052 894 3096 Curbaram
923 3053 1174 3096 mittuntur
1218 3084 2230 3096 ..................
2344 3057 2428 3097 362

276 3141 296 3167 >>
360 3127 540 3170 XXIX.
584 3125 839 3169 Curbaram
872 3139 898 3168 a
930 3126 1122 3168 Francis
1154 3126 1340 3179 fugatur
1393 3158 2229 3170 ...............
2344 3129 2429 3170 368

275 3215 295 3241 »
359 3200 507 3245 XXX.
569 3201 747 3243 *Franci
776 3200 977 3244 victores
1015 3200 1064 3241 in
1103 3199 1267 3242 urbem
1310 3202 1619 3242 revertuntur.
1696 3199 1937 3253 Principes
1981 3202 2229 3255 Hugonem

637 3275 860 3328 Magnum
884 3274 943 3316 ad
962 3274 1178 3316 Alexium
1200 3274 1393 3316 mittunt
1411 3277 1458 3315 et
1479 3273 1582 3316 Kal.
1601 3273 1880 3316 Novembris
1902 3279 2232 3328 exspectantes

637 3349 791 3393 varias
822 3350 872 3390 in
903 3348 1115 3403 regiones
1147 3349 1408 3391 discedunt.
1470 3347 1764 3390 Raimundus
1803 3349 1979 3392 Piletus
2017 3350 2067 3392 in
2106 3351 2232 3393 Sara--

640 3436 859 3466 cenorum
891 3426 1063 3464 terram
1093 3422 1288 3465 invadit.
1350 3422 1597 3464 Podiensis
1630 3421 1879 3477 episcopus
1910 3424 2104 3467 moritur
2161 3458 2170 3466 .
2219 3459 2228 3467 .
2343 3428 2425 3468 381

278 3512 298 3538 »
361 3498 525 3542 XXXI.
582 3498 874 3540 Raimundus
914 3510 1070 3540 comes
1102 3497 1321 3539 Albaram
1363 3498 1500 3550 capit.
1564 3498 1805 3551 Principes
1839 3499 2136 3542 Antiochiam
2168 3513 2232 3542 re-

638 3571 925 3625 grediuntur.
987 3571 1290 3612 Boamundus
1322 3574 1369 3613 et
1401 3571 1693 3614 Raimundus
1723 3572 1846 3615 inter
1878 3586 1928 3616 se
1959 3574 2144 3627 litigant
2219 3607 2227 3615 .
2342 3578 2428 3617 392

280 3659 300 3684 »
363 3644 549 3687 XXXII.
582 3644 707 3688 Situs
739 3645 868 3688 urbis
900 3644 1176 3687 Antiochiae
1216 3676 2228 3690 ..................
2342 3651 2425 3692 397
