2496 3926
719 162 955 217 Anonymi
986 161 1130 204 Gesta
1161 161 1447 203 Francorum
1479 161 1586 215 XX,
1621 163 1660 203 8.
1695 164 1734 204 9.
2224 162 2307 205 307

2 427 8 443 =
56 402 57 406 ’
103 402 289 452 31110111
328 396 649 451 diluculo¹¹61
696 398 982 452 audientes
1022 398 1114 463 illi,
1172 396 1269 467 qui
1315 396 1445 448 foris
1500 400 1655 449 erant
1709 396 1770 448 in
1821 395 2085 460 1011101110,
2154 395 2310 450 vehe-

53 597 55 641 3
101 574 380 633 viderunt*
426 575 690 630 vexillum
717 575 1031 630 Boamundi
1070 593 1292 629 sursum
1328 574 1388 627 in
1426 579 1640 640 monte,
1684 573 1953 644 celerique
1991 593 2156 628 cursu
2193 592 2310 645 pro-

52 720 53 723 ,
101 670 351 738 perantes
399 669 670 720 venerunt
722 683 913 719 omnes
968 669 1022 719 et
1065 682 1162 736 per
1211 668 1396 735 portas
1450 664 1796 719 intraverunt
1847 662 1908 715 in
1960 663 2154 716 urbem
2167 661 2210 692 ⁶²
2258 667 2312 716 et

52 748 55 798 ἲ
99 754 488 808 interfecerunt
507 746 714 807 Turcos
753 759 807 807 et
830 754 1145 820 Saracenos,
1187 770 1325 823 quos
1363 752 1443 805 ibi
1479 751 1935 823 reppererunffffl,
1976 758 2130 806 extra
2167 751 2305 816 illos,

89 834 196 914 vqui
234 842 510 914 fugerant⁶
559 861 780 897 sursum
817 843 877 896 in
917 848 1158 896 castrum
1169 841 1230 896 ⁶4.
1308 841 1419 894 Alii
1466 859 1593 896 vero
1633 841 1941 895 Turcorum
1984 860 2079 913 per
2124 847 2308 911 portas

82 930 405 987 ‘exierunt‘ffi
443 937 497 986 et
535 932 806 1003 fugientes
845 933 957 988 vivi
989 936 1295 986 evaserunt.

232 1049 245 1066 ²
270 1043 431 1078 diliculo
454 1043 531 1077 BC.
558 1060 594 1067 —
622 1042 636 1065 ¹³
659 1043 790 1078 videre
814 1044 852 1078 C.
876 1061 913 1068 —
943 1049 956 1065 0
980 1043 1220 1086 reperierunt
1243 1042 1280 1076 C.
1305 1060 1348 1065 —
1372 1041 1386 1064 ό
1405 1043 1595 1084 fayerunt
1620 1041 1654 1075 A
1669 1042 1707 1076 C.
1736 1059 1779 1065 —-

50 1131 53 1222 1
80 1185 246 1232 1131111.
283 1190 379 1242 150,
411 1189 488 1239 20;
522 1187 574 1228 R.
609 1188 693 1229 253
719 1185 817 1228 BC.
866 1186 1101 1229 Letzterer
1132 1185 1364 1228 berichtet
1388 1188 1485 1239 149,
1519 1188 1594 1237 203
1631 1186 1682 1228 R.
1707 1188 1790 1227 251
1817 1185 1871 1227 F:
1909 1185 1986 1227 «in
2008 1184 2305 1227 meridionali

49 1227 52 1322 1
76 1275 85 1309 ς.-
97 1254 211 1297 colle
242 1252 443 1297 civitatis
466 1253 599 1306 signa
620 1256 781 1295 nostra
803 1256 1206 1307 comparuerunt»,
1238 1265 1420 1295 woraus
1448 1252 1846 1306 moglicherweise
1866 1252 2094 1306 gefolgert
2115 1252 2304 1295 werden

50 1315 289 1376 f-konnte,
332 1320 422 1363 dass
455 1320 573 1362 auch
605 1321 725 1362 noch
759 1319 835 1362 die
868 1319 1173 1362 Feldzeichen
1213 1320 1411 1362 anderer
1442 1320 1477 1361 F
1479 1320 1621 1361 [ihrer
1658 1319 1765 1361 dort
1803 1319 2095 1372 aufgesteckt
2132 1331 2309 1363 waren.

48 1375 52 1427 ι’
97 1387 228 1434 Doch
267 1387 330 1430 ist
372 1387 449 1430 bei
481 1387 639 1430 Fulch.
673 1388 815 1429 343D
848 1387 945 1429 und
976 1387 1080 1430 Alb.
1113 1387 1194 1441 IV,
1239 1390 1293 1429 23
1334 1400 1423 1429 nur
1464 1400 1558 1430 von
1591 1386 1792 1430 Boem.'s
1836 1387 1999 1429 Fahne
2042 1386 2117 1429 die
2160 1386 2306 1428 Rede.

48 1429 52 1490 -l
82 1455 332 1515 ¹{Letzterer
361 1453 460 1497 lasst
491 1454 559 1497 sie
585 1454 757 1508 Jedoch
778 1454 1038 1497 irrtiimlich
1061 1467 1121 1496 an
1138 1454 1246 1496 dem
1268 1454 1379 1497 Orte
1400 1454 1694 1508 ausgesteckt
1725 1455 1840 1508 sein,
1878 1467 1995 1508 «quo
2027 1453 2157 1496 urbis
2179 1453 2306 1496 facta

49 1527 51 1533 ’
82 1525 169 1566 {est
197 1521 432 1565 traditio».

85 1635 89 1653 ·,
242 1592 303 1642 60
333 1595 535 1639 Dieser
585 1597 727 1649 Berg
772 1596 862 1650 lag
910 1609 1006 1639 vor
1057 1595 1180 1638 dem
1229 1596 1452 1639 Kastell
1505 1597 1617 1638 und
1670 1596 1748 1638 ist
1799 1599 1975 1639 etwas
2027 1594 2306 1637 niederer.

48 1695 49 1701 1
81 1658 338 1713 {Zwischen
369 1662 548 1706 diesem
590 1663 688 1705 und
718 1663 826 1706 dem
858 1664 1068 1707 Kastelle
1110 1676 1205 1707 war
1246 1664 1323 1706 ein
1355 1663 1491 1718 Thal,
1533 1663 1582 1705 in
1616 1663 1841 1707 welchem
1881 1663 1957 1706 die
1990 1662 2308 1705 Kreuzfahrer

48 1743 177 1785 [zur
210 1729 543 1784 Verteidigung
582 1743 731 1784 gegen
763 1731 981 1785 Kerboga
1023 1731 1143 1773 noch
1188 1743 1263 1773 am
1310 1733 1376 1773 10.
1410 1723 1524 1774 Juni
1567 1730 1672 1773 eine
1705 1730 1871 1774 Mauer
1913 1730 2222 1783 errichteten,
2269 1741 2305 1772 0.

46 1775 50 1874 1
83 1808 134 1851 sc.
165 1797 346 1852 xxm,
379 1799 420 1852 4,
455 1799 590 1841 Anm.
624 1800 694 1840 25.
1589 1799 1593 1803 -

74 1891 76 1893 >
239 1867 298 1917 61
330 1872 419 1914 Am
453 1874 492 1915 3.
525 1871 638 1915 Juni
667 1871 718 1913 in
749 1871 832 1914 der
864 1871 1033 1927 Friihe,
1067 1884 1101 1914 s.
1134 1872 1271 1915 Anm.
1307 1872 1375 1914 75.

49 1971 82 2005 ,s
239 1942 299 1992 62
330 1945 554 1989 Offenbar
595 1946 739 1989 nach
783 1946 889 1988 den
933 1946 1109 1988 ihnen
1151 1946 1430 1989 zunachst
1480 1946 1799 2002 gelegenen
1841 1947 2084 2000 Theren,
2132 1943 2307 1989 welche

48 2009 51 2074 ᾖ
83 1997 242 2071 {durch
289 2012 365 2056 die
417 2013 830 2068 eingedrungenen
877 2014 1095 2056 Franken
1148 2013 1232 2056 der
1283 2013 1431 2056 Reihe
1485 2014 1608 2056 nach
1659 2014 1867 2069 geoffnet
1919 2014 2126 2058 wurden.
2206 2010 2306 2065 Vgl.

47 2079 52 2139 Ι
84 2074 210 2129 ’Βεὰ
251 2093 288 2123 0.
322 2082 397 2124 67:
449 2084 638 2135 «portae
677 2081 890 2124 custodia
927 2083 1149 2123 vacantes
1189 2081 1325 2123 facile
1368 2084 1556 2136 patent,
1594 2081 1677 2124 ubi
1715 2095 1901 2125 secures
1943 2082 2218 2125 altrinsecae
2255 2078 2306 2120 in

48 2141 51 2199 ξ
83 2143 276 2194 {inediae
306 2148 455 2191 trabis
487 2148 721 2191 excidium
753 2147 1009 2190 laborant».
1064 2147 1195 2189 Nach
1217 2147 1320 2190 Alb.
1344 2148 1426 2201 IV,
1459 2151 1512 2191 23
1546 2149 1713 2192 hatten
1745 2150 1864 2192 auch
1888 2149 2134 2203 Griechen,
2169 2152 2306 2207 Syrer

47 2214 192 2288 jgund
233 2215 478 2258 Armenier
523 2215 644 2258 beim
683 2205 855 2258 Offnen
897 2214 980 2257 der
1021 2215 1172 2256 Thore
1215 2214 1301 2257 mit
1343 2215 1558 2259 Freuden
1599 2217 1701 2259 sich
1744 2217 1965 2272 beteiligt,
2009 2219 2106 2261 und
2146 2220 2305 2262 Bruno

47 2290 50 2372 1
82 2269 264 2339 ssgRiant,
297 2282 480 2327 Invent.
511 2281 614 2336 224)
645 2285 748 2336 sagt
778 2282 1120 2337 ausdrucklich,
1161 2281 1251 2324 dass
1294 2282 1370 2325 die
1401 2283 1746 2328 Antiochenser
1786 2284 1861 2328 die
1892 2286 2044 2328 There
2082 2287 2304 2341 geoffnet.

87 2374 100 2404 ,ι
240 2353 300 2402 63
330 2358 490 2400 Bruno
520 2357 571 2399 in
602 2357 754 2412 Epist.
787 2356 898 2400 cleri
929 2357 1059 2400 Luc.:
1115 2357 1328 2412 «Turcos,
1372 2358 1461 2401 hos
1492 2359 1730 2402 trucidant
1771 2359 1940 2416 gladio,
1983 2361 2071 2404 hos
2114 2361 2305 2404 ruinant

85 2411 386 2479 ssbrecipicio».
435 2425 583 2467 Raim.
617 2427 720 2478 149;
755 2425 806 2468 R.
841 2427 923 2467 251
941 2425 986 2466 H
1010 2423 1251 2479 berichtet,
1284 2423 1374 2467 dass
1398 2425 1560 2469 keiner
1591 2427 1675 2469 der
1695 2428 1884 2470 Tfirken
1898 2427 2201 2471 Widerstand
2232 2442 2303 2482 ge-

46 2531 50 2564 ,
97 2488 253 2535 leistet
275 2492 374 2535 und
405 2505 456 2535 es
488 2505 533 2535 11.
567 2505 606 2534 a.
639 2492 1003 2546 vorgekommen
1036 2492 1117 2547 sei,
1165 2491 1255 2534 dass
1288 2495 1388 2547 300,
1426 2492 1478 2547 ja
1509 2494 1630 2537 nach
1662 2494 1769 2538 Alb.
1800 2495 1883 2547 IV,
1917 2498 1971 2538 23
2006 2508 2142 2550 sogar
2177 2499 2302 2551 1000,

46 2565 50 2620 1
95 2558 181 2602 auf
205 2558 340 2602 ihren
371 2559 575 2602 Pferden
621 2558 857 2602 fliehende
888 2560 1077 2602 Tfirken
1122 2559 1174 2602 in
1221 2559 1360 2602 einen
1398 2560 1626 2614 Abgrund
1667 2563 1876 2615 gesturzt
1913 2562 2009 2605 und
2053 2564 2139 2606 auf
2174 2563 2304 2607 diese

94 2621 251 2671 *Weise
281 2627 640 2681 umgekommen
674 2626 816 2681 seien,
849 2626 946 2669 und
979 2627 1082 2680 fiigt
1112 2626 1207 2670 bei:
1264 2626 1529 2670 «Gaudium
1571 2627 1761 2682 quidem
1793 2628 1883 2671 fuit
1914 2629 2053 2673 nobis
2085 2630 2144 2674 de
2176 2644 2303 2685 prae-

45 2622 50 2753 Ι
91 2691 299 2746 ffcipitatis
329 2693 561 2749 hostibus,
603 2693 687 2737 sed
729 2694 788 2737 de
832 2693 964 2748 equis
995 2694 1245 2748 plusquam
1278 2697 1363 2737 300
1394 2695 1514 2737 inibi
1546 2695 1786 2739 decollatis
1818 2696 2065 2741 doluimus.
2128 2698 2304 2749 Quanti

46 2762 49 2818 1
92 2761 251 2803 autem
281 2760 340 2803 de
372 2760 614 2804 Saracenis
658 2764 704 2804 et
737 2761 795 2803 de
827 2761 988 2804 Turcis
1018 2764 1131 2804 tunc
1161 2761 1415 2816 perierunt,
1448 2762 1601 2805 dicere
1633 2763 1889 2807 nescimus:
1931 2778 2073 2818 quam
2103 2765 2303 2810 diversis

45 2828 49 2874 l
95 2825 321 2875 'mortibus
338 2830 384 2870 et
405 2841 545 2882 quam
565 2828 708 2872 variis
733 2828 1002 2871 ceciderunt
1024 2828 1254 2883 explicare
1287 2829 1473 2872 crudele
1505 2833 1618 2874 est.»
1665 2831 1860 2874 Anselm
1893 2832 1944 2875 R.
1970 2834 2054 2875 892
2073 2833 2127 2875 F:
2165 2834 2303 2888 «Ipsa

45 2875 49 2938 1
98 2890 174 2935 die
209 2906 372 2938 omnes
396 2908 605 2949 paganos
635 2896 684 2937 in
717 2908 773 2938 ea
804 2895 1072 2950 occidimus,
1121 2897 1331 2951 exceptis
1364 2897 1645 2951 quibusdam
1687 2898 1738 2940 in
1780 2899 1971 2942 castello
2019 2899 2220 2943 civitatis
2252 2914 2303 2944 00

97 2958 376 3009 tuentibus».
422 2962 520 3017 Vgl.
554 2963 674 3005 auch
705 2976 748 3006 v.
781 2963 920 3018 Sybel
956 2966 1008 3005 16
1038 2961 1141 3017 (17).

46 3023 48 3034 ἱ
239 3031 299 3080 64
329 3037 438 3080 Ι)30
471 3037 594 3081 Abs.
630 3040 655 3080 8
686 3042 986 3092 genannte
1018 3039 1267 3094 Kastell,
1299 3053 1383 3083 vor
1417 3041 1636 3085 welchem
1669 3042 1828 3084 Boem.
1863 3042 1992 3084 scine
2015 3043 2176 3085 Fahne
2207 3043 2301 3086 auf-

98 3100 340 3155 gepflanzt.
402 3104 558 3147 Dahin
587 3104 694 3147 sind
724 3105 844 3148 viele
875 3105 1142 3160 gefliichtet,
1175 3106 1263 3160 vgl.
1297 3107 1456 3150 Fulch.
1480 3111 1564 3151 343
1597 3109 1695 3151 und
1728 3109 1843 3152 Rad.
1877 3122 1913 3151 0.
1947 3111 2024 3165 683
2057 3110 2162 3152 eine
2193 3111 2302 3153 sehr

98 3167 238 3222 g'rosse
268 3170 382 3212 Zahl
414 3171 706 3225 Fliichtlinge
737 3173 914 3215 fanden
956 3173 1091 3215 darin
1137 3174 1250 3217 aber
1280 3175 1454 3218 keinen
1484 3177 1626 3219 Platz.
1691 3177 1766 3218 An
1804 3189 1906 3218 uns.
1942 3176 2082 3219 Stelle
2111 3178 2195 3219 hat
2225 3177 2301 3220 die

100 3232 220 3282 Hist.
253 3236 296 3280 b.
329 3238 449 3280 sacri
480 3238 698 3292 folgende
730 3239 1049 3295 selbstandige
1080 3241 1277 3284 Zusatze
1317 3242 1682 3296 eingeschoben:
1741 3242 1988 3285 «Feminae
2020 3257 2129 3286 vero
2161 3245 2301 3298 fugie-

44 3330 48 3362 3
101 3299 213 3345 bant
241 3303 455 3348 videntes
489 3304 696 3348 Francos
726 3305 929 3350 intrasse
962 3307 1213 3363 civitatem,
1246 3309 1451 3352 ferentes
1482 3310 1642 3353 iconas
1673 3310 1721 3351 in
1747 3310 1967 3352 Manibus
2000 3310 2097 3352 suis
2129 3314 2176 3353 et
2207 3324 2301 3353 cru·

44 3371 48 3421 ξ
100 3379 188 3423 ces,
219 3369 524 3414 decantantes
556 3370 693 3431 Κύριε
727 3373 897 3416 ἐλεῐσον
929 3374 988 3416 ad
1021 3375 1266 3418 ecclesiam
1300 3377 1505 3431 Virginis
1548 3377 1710 3419 matris
1742 3377 1828 3418 Dei
1871 3376 2061 3419 Mariae.
2134 3378 2189 3419 In
2220 3378 2301 3420 illa

44 3473 47 3499 ι,
100 3433 175 3477 die
204 3440 509 3481 extraxerunt
539 3439 866 3494 patriarcham,
900 3441 979 3495 qui
1011 3445 1111 3485 erat
1140 3442 1232 3485 iam
1258 3457 1341 3497 per
1373 3447 1398 3486 8
1430 3457 1618 3486 menses
1648 3444 1697 3485 in
1735 3456 1929 3496 carcere,
1971 3443 2153 3486 habens
2185 3457 2299 3486 mar·
2356 3449 2363 3457 '

44 3511 48 3551 j
101 3499 201 3544 oida
230 3504 326 3547 fere
358 3518 491 3548 crura
521 3519 606 3559 pro
638 3506 800 3549 stricta
831 3508 1122 3563 compedum,
1156 3514 1203 3552 et
1233 3511 1459 3564 nequibat
1491 3510 1711 3564 expedite
1758 3510 2008 3552 ambulare.
2062 3511 2192 3554 Tunc
2229 3525 2299 3555 011-

102 3574 338 3614 currerunt
368 3585 532 3615 omnes
563 3572 762 3616 maiores
795 3574 854 3616 ad
886 3587 993 3616 eum
1025 3579 1072 3617 et
1103 3577 1383 3619 corruebant
1414 3578 1551 3631 proni
1582 3580 1692 3620 ante
1714 3577 1814 3630 ejus
1848 3577 2032 3630 pedes.»

31 3684 45 3701 ¹
241 3640 301 3689 65
331 3645 417 3688 Die
447 3646 572 3689 Hist.
605 3646 649 3689 b.
683 3647 802 3690 sacri
844 3660 880 3690 c.
915 3651 969 3690 63
1018 3649 1259 3692 erlautert:
1312 3664 1422 3704 «per
1464 3651 1644 3693 medias
1691 3654 1893 3704 portas»,
1941 3655 2175 3694 worunter
2217 3653 2300 3696 der

31 3730 36 3779 ἑ
106 3704 226 3753 Verf.
258 3711 380 3755 ohne
411 3712 598 3756 Zweifel
630 3714 707 3756 die
738 3713 978 3757 kleineren
1011 3717 1472 3771 Ausfallpforten
1510 3717 1673 3772 meint,
1705 3717 1849 3760 deren
1881 3731 1931 3761 00
1963 3719 2048 3761 auf
2074 3719 2157 3762 der
2188 3719 2299 3763 sud-

2058 3798 2123 3832 20·

0 335 4 343 ¹
56 285 58 318 ἶ
104 294 347 379 quodam
384 306 643 374 monte603
686 322 876 363 omnes
903 326 1029 365 vero
1055 311 1255 379 pariter
1294 306 1599 360 stridebant
1628 307 1687 360 in
1715 307 1946 362 civitate.
1981 305 2045 377 [9]
2077 306 2308 360 Summo
2337 307 2486 426 Ἰ1091ξό3

2368 394 2447 432 un.

4 495 7 497 ’
54 492 56 530 f
102 486 507 541 mentissimum
547 504 825 540 rumorem
864 492 1098 558 strepere
1135 503 1231 557 per
1269 485 1560 550 civitatem,
1603 484 1854 538 exierunt
1890 484 2210 538 festinantes
2250 488 2303 538 et
2323 493 2486 540 R.142.
