2476 3912
1219 132 1390 175 Inhalt.
2221 131 2286 174 IX

73 266 183 341 Cap.
206 284 436 328 XXXIII.
529 282 687 324 Marra
717 281 830 324 urbs
863 293 891 322 a
923 280 1115 323 Francis
1148 281 1329 334 capitur
1368 311 2087 322 .............
2186 233 2288 321 ειῖἒξῗ

123 374 142 400 >>
205 358 431 402 XXXIV.
530 356 773 410 Principes
803 355 855 397 in
876 354 993 397 urbe
1014 354 1165 407 Rugia
1185 353 1309 396 inter
1340 367 1390 397 se
1414 355 1751 408 colloquuntur.
1799 353 2093 396 Raimundus

574 443 732 474 comes
764 431 812 472 et
843 441 999 471 comes
1031 428 1348 470 Normanniae
1379 441 1465 483 per
1492 428 1717 470 interiora
1754 428 1913 482 Syriae
1943 440 2093 481 usque

577 504 636 547 ad
670 503 913 546 castellum
946 503 1151 544 Archam
1181 502 1546 556 progrediuntur
1606 534 2089 544 .........
2205 502 2290 542 410

51 617 53 619 ,
124 597 144 622 >>
207 581 410 623 XXXV.
530 578 696 621 Franci
727 578 931 620 Archam
962 576 1183 619 obsident
1251 606 2092 619 ...............
2207 576 2291 617 428

127 671 147 696 »
210 655 350 697 XXX
361 655 436 696 VI.
528 654 813 696 Francorum
847 651 1080 694 exercitus
1113 650 1172 692 ab
1195 650 1352 693 Archa
1383 649 1574 692 castello
1621 662 1769 703 usque
1817 650 1874 691 ad
1930 649 2095 691 urbem
2161 694 2165 699 ,

579 726 823 769 Ramolam
855 725 1166 779 proficiscitur
1191 757 1439 767 .....
1456 715 1461 719 ’
1488 755 2090 766 ...........
2208 725 2292 765 438

129 818 148 844 >>
212 803 463 846 XXXVII.
527 801 695 844 Franci
727 813 876 854 usque
908 800 967 842 ad
999 798 1378 853 Hierosolymam
1417 797 1702 853 perveniunt
1741 810 1936 851 eamque
1978 797 2097 839 obsi-

580 875 707 918 dent.
800 873 1096 916 Raimundus
1141 874 1318 916 Piletus
1363 876 1410 916 et
1453 872 1532 915 alii
1574 872 1788 927 proeliati
1835 874 1946 915 sunt
1992 885 2096 914 eum

584 948 823 991 Arabibus
865 948 1133 1001 multosque
1166 947 1398 990 occidunt.
1461 947 1549 989 Die
1581 946 1784 1001 quodam
1816 945 1981 988 urbem
2013 945 2099 987 for-

581 1023 764 1067 tissime
808 1022 891 1065 sed
937 1023 1112 1064 frustra
1156 1021 1506 1075 aggrediuntur.
1571 1020 1771 1064 Centum
1804 1020 1994 1072 milites,
2039 1020 2099 1061 ad

583 1099 771 1151 portum
793 1095 1027 1150 Japphiae
1044 1095 1192 1150 missi,
1215 1095 1397 1139 Arabes
1420 1094 1655 1138 invadunt
1676 1097 1723 1136 et
1745 1095 1922 1148 fugant.
1957 1093 2104 1136 Valde

68 1206 70 1209 ⁴
589 1170 667 1213 siti
697 1172 932 1213 vexantur
956 1202 966 1210 .
1015 1185 1017 1187 ·
1017 1199 2095 1211 ...................
2212 1169 2296 1208 448

32 1259 34 1262 ’
61 1240 73 1311 32
130 1259 150 1285 »
213 1245 489 1288 XXXVIII.
532 1244 864 1299 Hierosolyma
895 1256 923 1286 a
953 1243 1147 1286 Francis
1179 1242 1362 1297 capitur
1435 1273 2096 1285 ............
2212 1243 2294 1282 461

63 1316 71 1370 ’ζ
132 1330 152 1359 »
216 1319 446 1362 XXXIX.
530 1318 695 1361 Franci
727 1318 990 1372 principem
1013 1316 1217 1360 civitatis
1240 1317 1418 1371 eligunt
1440 1316 1762 1370 Godefridum‚
1787 1316 2100 1369 patriarcham

585 1392 856 1445 Arnulfum;
890 1404 1111 1446 magnam
1133 1391 1261 1445 apud
1283 1391 1562 1434 Ascalonem
1594 1390 1838 1434 victoriam
1859 1393 2103 1444 reportant
2213 1391 2297 1433 475

61 1478 574 1537 Bibliographisehes
606 1480 842 1535 Register
897 1512 2096 1523 .....................
2214 1481 2298 1521 503

60 1554 525 1625 {chronologisches
557 1569 793 1624 Register
845 1602 1743 1613 ................
1788 1558 1791 1562 ’
1795 1602 2099 1612 ......
2215 1570 2297 1610 511

32 1663 34 1689 ῑ
61 1636 244 1704 I'Index
272 1671 442 1704 rerum
474 1659 525 1703 et
556 1657 865 1705 Glossarium
899 1691 2096 1703 .....................
2215 1661 2298 1700 523

58 1708 76 1831 {ss
87 1749 321 1794 Naehlese
368 1782 2099 1794 ..............................
2217 1751 2301 1792 574
