2476 3912
705 95 733 150 ἓ
765 101 804 139 6.
868 97 954 139 Die
987 98 1263 149 Benutzung
1295 95 1378 138 der
1410 95 1601 138 Gesten.
2197 93 2251 132 53

37 265 143 303 ,nas
179 261 422 314 namque
469 261 658 296 carnes
709 249 807 296 aut
859 243 1103 296 asininas
1188 246 1355 312 caput
1394 244 1640 309 equinam
1679 241 1808 294 IIbus
1847 240 1934 295 vel
1970 239 2128 293 IIIbus
2174 255 2253 291 so-

44 332 460 390 manducabant
473 337 527 385 et
539 332 878 395 vendebant3
908 331 1104 386 vende·
1184 329 1309 383 lidis
1337 329 1686 393 venderetur3
1729 330 1992 383 intestina
2016 345 2143 383 vero
2171 344 2253 380 ca·
2288 321 2292 324 ⁴

41 425 180 480 bant
218 438 438 492 quoque
471 421 737 491 gallinam
767 421 880 474 XV
901 420 1103 486 solidis,

44 530 212 568 ovum
233 509 451 564 duobus
478 510 680 575 solidis,
709 528 880 563 unam
903 527 1104 563 nucem

45 619 163 656 uno.
198 599 435 652 denario.
519 600 711 652 Omnia
766 601 903 653 enim
956 601 1107 653 valde

44 709 173 746 cara
212 693 392 742 erant.-
436 687 566 740 folia
603 687 708 752 fici,
750 687 877 742 vitis
919 696 971 740 et
997 705 1104 743 car-

46 778 143 834 dui
196 777 570 854 omniumque,
613 776 876 829 arborum
931 795 1107 844 eoque-

38 869 170 930 bant
210 871 263 919 et
300 865 733 918 manducabant.
813 864 925 918 Alii
964 847 1107 920 coria

43 954 389 1028 caballorum
435 959 488 1007 et
528 954 863 1007 camelorum
917 959 970 1007 et
1008 953 1107 1006 asi-

48 1062 247 1121 norum
285 1049 452 1113 atque
479 1045 629 1097 boam
657 1060 754 1096 seu
786 1042 1108 1096 bufalorum

47 1135 184 1191 sicea
221 1134 563 1200 decoquebant
594 1136 648 1184 et
673 1131 1105 1185 manducabant.

22 1223 189 1279 Istas
234 1227 282 1275 et
325 1222 518 1274 inultas
565 1222 855 1274 anxietates
902 1239 963 1274 ae
1009 1239 1111 1274 an—

22 1370 23 1374 ,
45 1311 261 1381 gastim,
303 1328 435 1377 qaas
461 1311 730 1362 nominari
755 1327 934 1377 nequo,
954 1310 1111 1376 passi

20 1387 230 1456 'samus
270 1417 375 1466 pro
436 1398 638 1452 Christi
693 1400 901 1452 nomine
950 1403 1003 1451 et
1055 1398 1105 1451 S.

49 1484 295 1559 Sepulcri
345 1487 435 1541 via
489 1486 858 1540 deliberanda.
948 1486 1109 1540 Tales

20 1567 270 1650 'quoque
308 1576 690 1631 tribulationes
730 1581 782 1629 et
833 1577 1006 1630 fames
1047 1594 1111 1629 ac

19 1660 270 1732 timores
323 1665 472 1737 passi
526 1684 720 1719 sumus
771 1684 867 1736 per
912 1665 1112 1719 XXVI

18 1778 20 1802 ³
48 1753 178 1811 dies,

367 2585 409 2619 c.
453 2566 694 2631 XXVII,
742 2568 785 2618 1.

12 2847 16 2886 ὶ
53 2835 282 2887 ‘maiores'
331 2835 588 2902 eleyerant
634 2838 697 2885 ut
752 2839 880 2886 esset
935 2835 1118 2886 dacter

52 2927 365 2984 nostrorum,
416 2921 662 2974 maxima
717 2939 773 2974 se
811 2922 974 2974 finxit
1029 2921 1115 2973 de-

52 3009 217 3085 primi
267 3010 587 3064 infirmitate
627 3013 950 3078 priusquam
1000 3011 1114 3063 An-

12 3105 15 3154 ἷ
54 3085 243 3153 tioehia
283 3106 410 3154 esset
449 3106 616 3167 capta,
656 3101 998 3169 turpiterque
1038 3118 1113 3152 re-

55 3189 204 3241 cessit
241 3188 301 3240 in
340 3188 492 3241 aliud
532 3193 790 3253 castrum,
834 3187 986 3258 quod
1025 3206 1112 3242 vo-

11 3321 14 3336 ,
56 3261 209 3328 catur
246 3276 655 3344 Alexandretta..

391 3382 435 3417 c.
477 3364 692 3430 XXIX,
734 3366 781 3418 2.

63 3474 70 3480 ·
129 3450 386 3522 Episcopi
422 3453 595 3506 nostri
629 3458 683 3505 et
719 3451 1021 3522 presbyteri
1061 3456 1114 3504 et

3 3528 35 3604 J·
57 3530 233 3591 clerici
271 3557 334 3593 ac
372 3541 627 3604 monaehi,
692 3542 860 3593 saeris
899 3541 1123 3593 vestibus

14 3695 15 3698 Ἴ
58 3624 248 3692 induti,
319 3627 613 3681 nobiscum
682 3628 934 3680 exierunt
1003 3646 1119 3681 cani

35 2685 39 2692 ·
62 2680 65 2681 ⁷
125 2655 456 2726 Imprudens
473 2656 660 2725 itaque
670 2656 981 2722 Stephana&
996 2653 1118 2707 Car-

52 2745 301 2800 notensis
333 2763 511 2807 comes,
553 2763 703 2812 quem
731 2761 923 2797 omnes
951 2745 1120 2798 nostri
1203 2743 1311 2791 tam
1376 2740 1635 2792 civitatem
1690 2757 1794 2805 pro
1859 2740 2109 2792 dictatore
2172 2739 2270 2790 atii

1191 2829 1466 2893 principes
1494 2828 1764 2895 eteyerant,
1799 2826 2030 2880 audiens
2059 2827 2267 2879 famam

1170 414 1348 489 'preae
1364 418 1419 472 V
1446 418 1655 483 solidis;
1685 421 1886 486 yatlina
1902 417 2039 471 VIII
2061 417 2148 472 vel
2170 415 2257 469 IX

1191 507 1392 561 solidis
1513 507 1596 560 De
1649 526 1794 574 pane
1857 506 1992 577 quid
2054 505 2251 569 dicam,

1189 596 1339 666 quod
1379 595 1434 650 V
1473 596 1633 655 solidi
1679 614 1795 649 non
1834 594 2147 649 sufficerent
2185 592 2258 646 ad

1191 684 1575 755 depellendam
1623 685 1829 738 famem
1875 684 2078 737 unius‘?
2142 683 2258 736 Nec

1192 779 1307 827 erat
1332 774 1553 837 mirum,
1584 791 1686 827 nec
1711 791 1877 844 grave
1905 791 2022 826 esse
2047 776 2260 844 poterat

1190 863 1278 917 his
1336 863 1433 933 qui
1496 868 1613 916 tam
1679 880 1800 916 care
1851 862 2255 927 mercabantur,

1192 970 1371 1023 quum
1409 970 1543 1005 auro
1590 957 1645 1005 et
1697 956 1923 1022 argento
1974 956 2027 1004 et
2080 951 2259 1022 palliis

1192 1041 1557 1094 abundarent.
1587 1043 1735 1095 Haec
1761 1046 1948 1094 autem
1968 1042 2083 1094 ideo
2111 1045 2262 1094 erant

1194 1150 1335 1195 cara,
1393 1131 1524 1200 quia
1578 1130 1943 1183 conscientiae
1999 1129 2257 1194 militum,

1192 1237 1473 1291 possessae
1500 1219 1838 1285 criminibuS,
1862 1219 2094 1272 audacia
2122 1236 2261 1272 care-

1193 1311 1346 1364 bant.
1425 1310 1591 1363 Ficus
1623 1314 1811 1363 autem
1835 1310 2162 1363 immaturas
2190 1307 2260 1361 ab

1195 1399 1484 1454 arboribus
1525 1399 1906 1470 decerpebant,
1950 1404 2116 1468 atque
2157 1416 2261 1452 eoe-

1195 1497 1277 1544 tas
1305 1491 1574 1543 carissime
1600 1491 1899 1543 vendebant.
1949 1488 2107 1542 Coria
2133 1505 2261 1541 vero

1196 1581 1345 1633 boam
1386 1584 1440 1631 et
1481 1597 1729 1646 equorum
1769 1583 1822 1631 et
1867 1577 1975 1630 alia
2013 1576 2263 1646 neglecta

1197 1686 1265 1721 ex
1318 1667 1483 1738 longo
1543 1672 1804 1738 tempore,
1871 1667 1965 1719 illa
2017 1668 2263 1720 similiter

1197 1759 1292 1811 dia
1333 1763 1486 1822 cocta,
1536 1756 1813 1810 carissime
1852 1755 2259 1820 vendebantur;

1197 1846 1333 1899 adeo
1372 1851 1437 1899 ut
1484 1845 1623 1899 duas
1669 1845 1929 1899 solidatas
1980 1844 2264 1898 comedere

1196 1934 1429 2006 quilibet
1481 1940 1677 2006 posset.
1758 1934 2010 2004 Plerique
2062 1934 2264 1986 milites

1197 2024 1468 2094 sanguine
1526 2042 1756 2077 suorum
1802 2041 2070 2093 equorum
2121 2023 2263 2076 vive-

1196 2113 1346 2178 bant,
1364 2119 1714 2181 exspectantes
1723 2113 1830 2166 Dei
1846 2115 2264 2167 misericordiam

1195 2202 1461 2256 nolebant
1488 2220 1578 2256 eos
1606 2201 1850 2255 occidere
1876 2201 2075 2255 adhuc.
2119 2203 2266 2255 Haec

1197 2298 1370 2345 autem
1400 2291 1457 2345 ’et
1495 2293 1605 2345 alia
1643 2293 1785 2345 mala
1823 2293 1990 2345 matta
2030 2291 2265 2344 obsessis

1196 2379 1582 2445 imminebant,
1625 2400 1757 2448 quae
1795 2399 2076 2434 numerare
2123 2381 2266 2447 diffl-

1196 2471 1289 2523 eile
1329 2476 1418 2523 est.
1699 2504 1706 2510 μ

1380 2577 1430 2628 p.
1482 2560 1599 2623 153,
1644 2560 1737 2623 35;
1779 2559 1844 2611 R.
1890 2560 1995 2612 258
2025 2558 2083 2611 F.

1278 2648 1575 2715 Stephanus
1615 2667 1790 2713 eomes,
1824 2667 1974 2716 quein
2001 2654 2120 2702 ante
2148 2667 2267 2714 eap-

1201 2915 1343 2980 belli,
1387 2917 1682 2986 anfayerat.

1374 3379 1425 3430 p.
1473 3362 1592 3425 154,
1634 3362 1725 3424 43;
1768 3361 1832 3413 R.
1877 3360 1984 3412 260
2007 3358 2071 3413 F.

1277 3447 1594 3502 Sacerdotes
1635 3454 1687 3502 et
1712 3449 1874 3501 multi
1899 3448 2151 3510 monaehi,
2192 3448 2269 3500 in·

1210 3538 1327 3589 dati
1365 3539 1510 3590 stolis
1550 3539 1695 3601 albis,
1757 3542 1885 3589 ante
1939 3535 2081 3588 acies
2133 3534 2267 3587 mili-

1205 3629 1329 3677 tum
1355 3631 1669 3678 nostrorum
1700 3625 2017 3696 pergebant,
2047 3623 2150 3677 Dei
2176 3626 2270 3678 ad-
