2476 3912
223 113 276 153 72
1182 110 1467 166 Einleitung.

523 257 690 310 Gesta
730 275 773 311 c.
817 257 884 322 V,
926 261 976 312 4.
1735 258 1874 312 Rad.
1917 276 1962 313 c.
2004 259 2075 313 Χ.

292 346 500 398 Doctus
539 345 904 400 Boamundus
942 352 1117 400 totam
1154 364 1279 418 gen·
1445 346 1610 401 Unde
1630 346 1852 418 placuit,
1882 353 1946 401 ut
1960 348 2077 418 ipse
2094 367 2209 402 eum
2220 352 2431 416 paucis

217 439 334 486 tam
383 451 543 487 suam
584 436 787 489 dimisit
815 438 1156 504 perrexitque
1206 435 1278 489 lo·
1368 453 1480 505 quo
1519 435 1833 502 vocabatur,
1888 439 2243 504 praecederet,
2290 437 2411 491 Tan

218 522 314 592 qui
332 523 800 594 cumimperatore
817 523 1126 595 Constplim
1143 523 1276 577 suis·
1369 523 1563 577 credus
1602 541 1730 579 vero
1765 542 1894 579 cum
1933 524 2145 596 reliqua
2183 525 2411 580 multitu

217 628 326 681 que
363 610 686 666 hominibus
732 613 1026 683 imperavit
1072 613 1281 666 dicens:
1379 611 1509 666 dine
1549 615 1755 668 tardior
1794 619 2124 684 sequeretur.

215 701 438 754 modeste
496 701 934 772 appropinquate
987 702 1280 765 civitatem,

215 805 316 860 ego
355 793 543 842 autem
580 788 673 843 ibo
710 790 877 860 prius,
920 790 1018 860 qui
1044 796 1097 844 et
1123 790 1283 843 duxit

212 895 386 931 seeum
413 896 616 944 paucos
653 877 868 932 milites,

602 984 646 1019 c.
688 966 784 1032 VI,
829 969 878 1020 3.
1676 983 1678 985 “
1813 967 1871 1021 O.
1891 963 1894 969 ’
1915 968 1986 1021 Χ.
2215 1038 2220 1042 η

291 1055 611 1108 Necessitate
637 1057 889 1122 compulsi
913 1056 1161 1110 nolentes
1188 1073 1276 1111 vo-
1447 1056 1668 1110 Coactus
1688 1055 1915 1127 quidem
1937 1057 2032 1111 sed
2053 1062 2243 1110 tamen
2273 1062 2375 1111 tan
2405 1081 2417 1106 7ι
2460 1061 2467 1086 ‘

212 1141 388 1195 lentes
407 1159 463 1195 se
477 1142 924 1213 humiliaverunt.
954 1145 1276 1198 Fortissimo
1365 1144 1671 1197 Romaniae
1698 1143 2041 1199 dimensione
2077 1145 2331 1211 donatus,
2377 1146 2388 1156 ’
2459 1204 2465 1215 .

211 1230 542 1284 Boamundo
564 1231 726 1285 dixit:
757 1233 1021 1302 quoniam
1048 1234 1093 1287 si
1108 1233 1275 1287 liben-
1367 1251 1479 1303 qua
1518 1251 1694 1303 equus
1742 1236 1853 1288 dies
1899 1235 2022 1296 XV
2058 1252 2155 1305 per
2200 1234 2431 1305 longua·-

211 1324 294 1372 ter
319 1319 368 1372 ei
394 1319 611 1384 iuraret,
642 1321 884 1375 XVdies
906 1321 1075 1374 eundi
1108 1327 1281 1390 terrae
1384 1323 1538 1375 VIII
1554 1327 1742 1375 autem
1769 1322 2104 1393 expenderet*
2137 1340 2235 1394 per
2259 1328 2415 1376 trans
2460 1306 2466 1324 ¹

210 1408 270 1461 in
316 1410 651 1478 extensione?
685 1409 755 1462 ab
794 1410 1091 1464 Antiochia
1137 1416 1278 1465 retro
1370 1428 1606 1465 versum.

211 1496 380 1561 daret,
424 1504 471 1551 et
522 1498 677 1552 VIII
705 1499 765 1550 in
803 1499 1108 1553 latitudine.

609 1605 652 1640 c.
697 1587 794 1652 VI,
837 1590 886 1641 3.
1781 1605 1823 1641 c.
1866 1588 2026 1642 XIII.

187 1708 190 1710 Α
286 1674 427 1728 Tam
467 1675 631 1728 fortes
671 1681 723 1729 et
762 1681 876 1729 tam
912 1677 1036 1730 duri
1073 1677 1274 1731 milites
1440 1677 1647 1732 Omnes
1680 1677 1868 1730 omnia
1907 1695 2050 1748 quae
2075 1678 2254 1731 iurare
2292 1678 2427 1732 iuss

188 1780 310 1816 cur
334 1763 441 1817 hoc
472 1763 754 1817 fecerunt?
791 1771 1077 1836 propterea
1108 1766 1275 1836 igitur
1367 1771 1513 1832 sunt,
1558 1769 1720 1820 eoacti
1758 1773 1904 1820 sunt.

190 1852 340 1922 quia
366 1852 544 1906 multa
572 1856 733 1907 eoacti
751 1860 907 1908 erant
932 1856 1269 1909 necessitate.

599 1959 642 1995 c.
683 1943 783 2008 IX,
826 1945 875 2007 9.
1288 1973 1292 1978 ·
1593 1952 1595 1955 ’
1766 1962 1808 1998 c.
1852 1944 2007 1997 XVI.

283 2029 450 2083 Turci
499 2035 551 2083 et
603 2030 813 2085 Arabes
856 2076 864 2085 .
904 2075 913 2085 .
947 2075 956 2086 .
1002 2031 1273 2085 dederunt
1437 2034 1600 2087 Auch
1631 2033 1772 2090 Rad.
1802 2033 1918 2086 lasst
1945 2033 2044 2086 das
2075 2033 2425 2086 Tiirkenhee·

207 2107 434 2171 feliciter
471 2118 663 2189 fugam
679 2139 782 2187 per
809 2122 1110 2188 compendia
1134 2140 1271 2175 inon-
1352 2142 1457 2190 per
1483 2125 1788 2190 compendia
1815 2124 2005 2176 montis
2044 2122 2284 2192 proximi
2315 2121 2418 2190 des⁴

208 2208 341 2259 tium
380 2211 434 2260 et
470 2225 567 2277 per
605 2208 772 2278 plana
810 2209 944 2262 loca.
1365 2210 1608 2264 cendere.

599 2314 643 2349 c.
685 2297 784 2362 XI,
829 2300 875 2351 7.
1761 2317 1803 2352 c.
1846 2299 2027 2353 XVII.

181 2406 183 2408 ·
285 2382 562 2446 Quatinus
588 2402 719 2437 eam
750 2388 822 2439 ad
848 2389 1042 2441 cultum
1068 2406 1108 2441 s.
1135 2390 1264 2455 fidei
1436 2388 1603 2441 Tanti
1629 2388 1790 2459 spatii
1822 2388 1984 2441 urbes
2012 2405 2044 2440 a
2069 2386 2261 2440 Turcis
2282 2404 2383 2457 cap
2398 2385 2424 2435 n‘
2450 2410 2464 2446 ς

208 2477 499 2525 revocaret.
1362 2478 1647 2531 christiano
1681 2479 1845 2530 cultui
1870 2477 1983 2529 fore
2010 2475 2427 2546 mancipandas.
2452 2492 2476 2534 ,ῑ

601 2578 644 2613 0.
685 2562 784 2627 ΙΧ,
828 2564 877 2616 2.
1783 2583 1826 2618 c.
1868 2565 1997 2618 XX.

285 2648 460 2702 Divisi
480 2654 611 2702 sunt
632 2649 664 2702 2
685 2651 909 2720 agmina
930 2656 984 2704 et
1002 2658 1273 2706 venerunt
1437 2653 1595 2707 Secta
1622 2659 1704 2707 est
1728 2654 1788 2706 in
1819 2654 2034 2708 bivium
2060 2654 2165 2719 via,
2194 2659 2255 2706 ut
2284 2671 2410 2728 exer
2451 2635 2476 2680 ³¹

211 2736 373 2791 divisi
410 2754 506 2807 per
545 2739 578 2790 2
618 2737 747 2791 dies
1368 2742 1507 2795 citus
1549 2742 1752 2796 Christi
1791 2743 1970 2796 factus
2010 2748 2091 2796 est
2128 2743 2377 2797 biviator.

357 2870 459 2923 Die
497 2871 656 2941 irrige
694 2872 928 2942 Angabe
968 2873 1063 2927 der
1103 2874 1270 2928 Gesta
1301 2875 1498 2928 Franc.
1542 2876 1641 2940 IX,
1686 2878 1735 2941 2,
1778 2876 1886 2928 dass
1926 2876 2134 2928 Robert
2171 2894 2222 2929 v.
2265 2876 2438 2937 Flan„

210 2958 347 3011 dern
385 2961 488 3013 mit
527 2959 798 3015 Gottfried
837 2980 1092 3032 gezogen,
1152 2963 1327 3017 findet
1366 2965 1483 3017 sich
1523 2965 1668 3017 auch
1714 2965 1773 3017 in
1812 2964 2047 3017 Radulfs
2086 2964 2430 3033 Erzahlung
2468 3000 2471 3051 ῗ

188 3144 492 3191 ''nommen.

650 3273 694 3308 c.
727 3255 827 3320 IX,
871 3258 922 3310 6.
1740 3276 1785 3311 c.
1827 3259 2039 3311 XXIII.

286 3341 338 3394 V
342 3342 388 3394 ir
464 3343 651 3413 itaque
752 3343 944 3398 Boam.
1017 3345 1268 3415 protinus
1328 3344 1329 3347 ’
1432 3346 1649 3399 Interea
1710 3348 1943 3399 nuntius
2007 3346 2260 3412 mittitur,
2322 3342 2422 3416 qu‘
2453 3336 2461 3341 ’

211 3429 499 3485 mandavit
537 3432 672 3497 aliis,
703 3450 813 3501 quo
848 3434 1093 3500 festinent
1119 3438 1171 3486 et
1197 3433 1267 3486 ad
1359 3439 1621 3488 eventum
1658 3435 1736 3487 rei
1775 3434 2035 3488 exercitui
2066 3434 2310 3503 ‚declaret
2348 3427 2420 3504 igf
2470 3486 2473 3487 γ

212 3516 421 3571 bellum
461 3520 619 3573 citius
659 3521 1056 3591 approximent.
1358 3539 1508 3586 nar0,
1546 3524 1853 3591 festinetque
1886 3522 2089 3587 abesse,
2131 3527 2195 3575 ut
2233 3522 2390 3576 adess

1364 3610 1433 3663 ab
1473 3610 1579 3663 illis
1615 3613 1908 3678 festinetur.
